3324 5142
718 462 876 522 -ssa
1133 425 1180 488 Ὦ
1254 409 1256 414 ⁴

303 587 405 661 pocta,
424 599 498 660 erga
511 599 626 644 numen
643 580 793 656 divinum,
806 582 850 643 uti
865 587 894 644 et
906 581 966 643 alia
983 581 1145 656 testantur,
1156 587 1186 644 et
1201 581 1285 663 quod

305 689 336 746 ln
360 687 537 750 Ariantbem
555 689 701 766 Argivum
717 687 864 769 scripsit:

359 834 362 841 “
404 851 479 903 Deus,
489 848 564 895 deust
581 861 631 907 prae
646 844 762 894 omnibus
774 847 850 894 rebus
863 844 1012 894 mortalibus

404 937 498 987 'l'ribuo
510 945 621 986 mentem
637 951 761 986 summurn
773 940 779 983 l

307 1109 399 1181 atquc
413 1118 538 1162 carmen
557 1099 588 1159 in
605 1097 795 1160 Nicodorum
812 1099 1057 1182 Mantineensem
1075 1120 1082 1158 :

407 1257 496 1308 Divino
509 1255 612 1305 numine
627 1265 652 1304 ct
666 1271 727 1305 casu
742 1256 826 1306 omnia
838 1257 989 1306 mortalibus
1001 1256 1076 1306 lieri·

309 1420 427 1482 Similia
443 1419 517 1480 huic
529 1420 667 1481 continet
681 1419 772 1481 etiarn
785 1419 851 1481 laus
868 1420 1139 1484 Mantineensium.
1161 1421 1202 1483 Hi
1220 1433 1293 1485 vero

311 1528 401 1597 deos,
415 1526 472 1588 etsi
487 1525 518 1586 in
540 1525 629 1586 libris
652 1527 825 1598 nominant,
843 1533 945 1587 tamen
964 1543 1087 1588 revera
1104 1533 1137 1598 et
1150 1527 1294 1590 consulto

310 1651 363 1696 eos
377 1631 504 1692 omnino
517 1629 647 1701 tollunt,
672 1630 892 1692 illiberaliores
906 1629 991 1706 lacti,
1019 1648 1113 1710 quarn
1132 1631 1294 1714 Philippus

310 1733 479 1814 ceterique,
499 1735 565 1814 qui,
580 1735 666 1813 quod
681 1734 819 1796 divinum
835 1742 893 1807 est,
910 1734 1003 1814 plane
1018 1735 1219 1798 sustulerunt.

351 1837 483 1899 Posthac
498 1837 776 1899 demonstrandum
795 1845 853 1910 est,
869 1855 933 1909 cos,
960 1837 1017 1899 etsi
1034 1857 1097 1900 non
1111 1841 1228 1914 dicant,
1244 1823 1296 1904 ta-

311 1961 381 2005 men
397 1943 535 2014 credere,
561 1959 649 2003 noxae
675 1948 705 2004 et
729 1941 881 2002 malorum
897 1942 1206 2008 causashomintbus
1229 1965 1297 2009 esse

311 2050 396 2112 deos.
422 2047 587 2111 Abstinere
602 2047 679 2109 deos
690 2047 812 2128 injustis
828 2045 1030 2120 facinoribus,
1046 2048 1187 2114 nonnulli
1198 2051 1295 2124 aiunt,

312 2154 407 2234 idque
422 2171 479 2214 nos
490 2133 660 2214 secundum
672 2151 840 2214 nonnullos
852 2170 959 2214 eorum
969 2153 1113 2216 dicimus.
1123 2155 1231 2236 'Atque
1241 2156 1298 2220 bo·

313 2277 422 2322 norum
441 2257 727 2338 maximaidcoqna
742 2255 847 2318 divina
869 2257 1023 2336 ejusmodi
1049 2265 1183 2338 ponunt,
1205 2267 1238 2320 ut
1265 2268 1296 2322 ct

314 2363 399 2426 nasci
411 2353 441 2426 et
452 2365 579 2426 interire
597 2381 634 2425 ca
657 2381 749 2444 posse
768 2370 931 2444 appareat,
948 2363 1118 2426 secundum
1134 2365 1297 2429 universos

312 2487 387 2531 vero
410 2469 595 2549 colligimus,
621 2478 652 2530 et
679 2467 883 2548 sempiternos
901 2474 932 2528 et
947 2467 1092 2529 mortales
1109 2487 1177 2532 csso
1193 2470 1269 2533 deos
1289 2492 1298 2530 ε

313 2574 456 2635 hocvcro
471 2571 576 2652 magni
589 2578 636 2633 est
648 2573 811 2645 momenti3
828 2571 896 2632 aliis
911 2572 994 2632 enim
1006 2571 1082 2634 locis
1094 2573 1179 2636 aliud
1191 2577 1299 2637 adum-

313 2679 434 2741 bratur.
446 2678 554 2757 ltaque
568 2677 747 2758 opinentur,
760 2676 837 2738 deos
851 2665 966 2738 nocere
978 2685 1009 2739 et
1021 2679 1184 2756 prodesse,
1194 2700 1301 2760 quan-

314 2802 409 2864 quam
439 2802 540 2863 neque
568 2783 628 2844 hoc
658 2783 789 2844 alterum
818 2801 923 2844 eorum
952 2782 1103 2846 doctrinas
1129 2804 1301 2866 congruere

315 2888 504 2950 ostendetur.
522 2887 592 2950 Hoc
608 2887 732 2968 quidem
746 2888 858 2968 cuique
869 2887 1063 2949 manifestum
1075 2897 1132 2964 cst,
1146 2891 1300 2953 neminem

316 3011 452 3074 unquam
465 2993 624 3054 bominum
638 2993 719 3054 aeris
735 2999 766 3055 et
779 2993 903 3055 etheris
919 2998 1001 3054 metu
1012 2995 1139 3056 omnino
1159 3015 1192 3056 se
1209 2995 1303 3057 absti-

286 3161 292 3174 ,
318 3117 392 3161 nere
406 3098 447 3160 ab
458 3097 574 3180 injusto
588 3097 738 3171 facinore,
749 3097 863 3160 nedum
879 3098 984 3172 abiis,
999 3098 1039 3159 ad
1054 3117 1124 3180 quse
1137 3099 1256 3180 ingenti
1267 3100 1303 3160 li·
1358 3143 1359 3148 η

318 3204 582 3280 bidinctrabatur3
593 3204 792 3267 secontinere
801 3205 904 3285 potius
912 3211 1150 3285 propterarenae
1160 3223 1301 3278 acervos,

317 3318 371 3372 aut
384 3319 512 3392 propter
527 3310 628 3373 lanam
650 3309 682 3370 in
701 3310 848 3390 lanugine
870 3310 1069 3385 carduorum,
1087 3329 1165 3390 quas
1177 3311 1303 3391 quidem

318 3435 369 3478 ras
380 3423 487 3498 aperte
500 3414 699 3478 insensibiles
719 3415 888 3496 accipiunt.
906 3415 1063 3489 Quocirca
1074 3417 1148 3478 mibi
1165 3417 1197 3479 in
1212 3437 1304 3480 men-

319 3535 380 3590 tem
390 3528 474 3590 venit
484 3528 528 3602 id,
546 3527 631 3607 qnod
647 3527 799 3589 Timocles
819 3510 858 3588 in'
869 3527 986 3601 fabula,
1003 3527 1149 3611 AEqpptit
1164 3529 1304 3612 inscrip-

320 3641 364 3706 ta,
386 3634 426 3696 de
439 3633 499 3696 diis
514 3633 623 3714 patriis
638 3631 727 3703 dixit,
742 3632 782 3694 ad
796 3631 866 3694 illos
883 3634 1121 3698 accommodare
1137 3656 1145 3695 :

420 3816 492 3870 Nam,
505 3816 592 3876 inquil,
607 3813 664 3864 siin
678 3815 808 3864 confessos
820 3814 863 3882 qui
875 3815 937 3864 deos
948 3825 1007 3864 sunt
1017 3815 1101 3878 impii,

422 3904 578 3966 Supplicium
590 3906 718 3972 extemplo
731 3906 833 3956 sceleris
845 3923 894 3958 non
908 3907 1022 3970 pendunt
1035 3907 1091 3968 sui,
1134 3943 1136 3948 ι

422 3996 509 4045 Altare
520 3996 577 4047 ielis
588 3997 715 4060 quomodo
730 3997 840 4061 aliquem
850 3996 991 4070 everterit?

1135 4095 1151 4122 ¹)

1133 4125 1151 4152 ¹)
