3324 5142
752 557 909 620 .-43-

338 696 409 750 runt
429 686 673 751 admirationem.
702 685 824 770 Optime
847 684 1018 766 praesertim
1035 683 1074 746 de
1098 683 1200 748 Tullio
1218 683 1320 748 meriti

338 799 426 868 sunt,
443 809 534 873 quem
548 790 662 856 deseri
683 797 843 872 acceptum
865 790 1011 854 iecerunt.
1040 789 1105 854 llos
1119 807 1226 854 omnes
1239 791 1320 872 Epi-

338 917 447 962 cureos
472 897 621 961 noscebat
638 895 747 960 Cicero
772 901 890 960 etcum
913 895 1100 977 quibusdem
1128 893 1321 959 familiariter

338 1003 467 1069 vivebat.
492 1003 566 1066 Etsi
581 1001 740 1084 quondam
753 1001 928 1083 Torquatus
944 999 1207 1074 adolescentuiae,
1220 1001 1251 1063 in
1268 999 1320 1064 illa

338 1112 489 1176 adversus
509 1107 620 1190 Spliem
636 1109 795 1179 oratione,
816 1125 849 1172 sc
873 1105 975 1171 Tullii
998 1121 1130 1188 repnum
1151 1103 1231 1188 serre
1260 1123 1321 1168 non

335 1233 431 1300 posse,
447 1221 477 1278 et
488 1212 628 1278 Tullium
646 1213 772 1278 tertium
786 1217 985 1298 peroptimum
1000 1229 1164 1296 rspemassc
1179 1207 1319 1284 dixisset,

339 1339 408 1386 eum
425 1327 525 1382 tamen
546 1317 669 1401 plurimi
686 1318 819 1384 iaciebat
834 1319 963 1382 'lollius
982 1318 1075 1380 Suum
1090 1315 1272 1380 familiarem
1285 1333 1322 1380 ac

343 1420 1323 1508 necessariumvocabetTorquetum‚quleripuitP.Sul1aecon·

340 1527 1323 1612 solutumquemedpalremsuurncontulit,quiGobiniumreum

341 1633 474 1698 ambitus
493 1631 651 1716 postulare
668 1633 782 1697 lrustre
799 1633 935 1698 tentavit.
952 1631 999 1696 llll
1017 1649 1085 1694 mox
1099 1631 1324 1714 Epicureorum

342 1744 446 1822 parles
463 1737 493 1800 in
515 1735 567 1800 illo
586 1737 630 1800 De
646 1737 776 1802 Finibus
795 1738 926 1802 tuendos
948 1737 1035 1802 dedit
1050 1735 1185 1812 Tullius,
1199 1737 1324 1802 easdem

345 1841 460 1906 Velleio
472 1842 502 1905 in
515 1841 699 1906 Tusculanis
714 1841 960 1918 Queeuomous.
971 1845 1101 1918 Pansam
1114 1844 1326 1908 indesinenter

343 1949 418 2014 dicit
433 1965 537 2026 suum;
551 1949 609 2024 ilii,
621 1947 749 2012 testibus
764 1949 886 2014 Nunnio
899 1959 928 2014 et
944 1949 1113 2023 Prisciano‚
1126 1968 1218 2031 qoam
1232 1951 1328 2033 piuri-

344 2075 408 2119 mus
424 2055 570 2138 epistolas
588 2055 763 2138 scripserat.
782 2056 959 2128 Trebatius,
986 2073 1080 2138 quum
1095 2075 1127 2136 se
1144 2076 1180 2120 ex
1197 2057 1327 2122 adoles-

344 2161 443 2225 centie
464 2179 520 2226 sua
544 2161 574 2225 in
599 2161 762 2228 amicitiem
780 2169 810 2226 et
834 2161 925 2226 iidem
947 2161 1037 2226 Tullii
1065 2161 1256 2239 contulisset,
1278 2163 1328 2227 hic

344 2283 411 2328 eum
428 2285 488 2330 non
505 2267 598 2332 modo
615 2266 771 2342 tuendum,
792 2265 847 2330 sed
863 2265 954 2331 etiem
970 2266 1146 2350 augendum
1164 2273 1256 2348 etque
1269 2285 1328 2330 or·-

345 2367 483 2434 nendum
514 2372 633 2454 putavit
651 2377 672 2436 ¹.
693 2373 832 2436 Amicum
858 2373 972 2436 Caesuri
996 2370 1027 2434 iis
1053 2371 1160 2438 Galliis
1186 2371 1328 2437 militanti

345 2477 572 2542 commendavit
582 2497 667 2542 mors
682 2496 824 2550 romono,
839 2477 954 2540 nullum
970 2476 1147 2560 probiorem
1160 2477 1328 2552 bominem,

345 2579 502 2645 meliorem
512 2583 865 2664 virumprudentiorem
877 2584 1118 2646 esseesserensi.
1131 2583 1200 2646 Non
1210 2584 1331 2646 uidetur

347 2695 449 2752 tamen
467 2697 551 2753 certa
572 2689 676 2772 aliqua
693 2687 847 2754 sententia
867 2689 1042 2752 constitisse
1059 2690 1239 2766 Trebatium
1259 2709 1328 2754 nem

347 2793 457 2860 litteris
471 2795 537 2878 ejus
550 2795 746 2860 vehementer
762 2795 1017 2860 commovebatur
1031 2792 1150 2872 Cicero,
1167 2797 1251 2880 qood
1271 2797 1330 2880 ipsi

348 2899 502 2963 interdurn
517 2898 612 2964 levis³
626 2901 658 2964 in
677 2897 764 2964 urbis
781 2900 1028 2982 urbanitatisque
1048 2901 1218 2976 desiderio,
1236 2901 1332 2965 inter·

348 3002 421 3068 dum
437 3005 537 3086 piger,
553 3003 708 3068 interdum
724 3004 849 3068 timidus
862 3005 893 3067 in
911 3004 1016 3069 labore
1028 3005 1163 3080 militari,
1185 3021 1265 3088 saepe
1278 3023 1332 3068 an-

350 3113 409 3170 tem
433 3107 523 3170 stiam
551 3109 776 3192 subimpudens
812 3106 985 3174 videbatur.
1023 3111 1058 3173 ln
1082 3109 1191 3174 melius
1219 3105 1332 3173 deinde

350 3229 517 3274 conversus
529 3219 593 3288 sst;
610 3221 640 3277 et
654 3213 752 3278 auctis
767 3212 964 3279 facultatibus
981 3223 1011 3279 et
1027 3214 1189 3280 honestate
1203 3233 1239 3278 ex
1254 3213 1333 3278 Gal-

224 3359 226 3370 ·
351 3317 390 3380 lin
403 3317 434 3382 in
453 3315 572 3381 ltaliam
584 3301 653 3382 cuin
666 3319 788 3384 Cesere
807 3317 907 3384 rediit.
928 3318 1095 3402 Flagrante
1113 3320 1195 3384 bello
1208 3315 1333 3402 scripsit

351 3421 391 3486 ad
406 3423 586 3488 Ciceronem
599 3441 691 3506 quern
708 3423 798 3488 unice
815 3423 965 3506 diligebat
982 3431 1014 3488 ut
1029 3432 1111 3490 esset
1129 3425 1169 3488 ad
1187 3424 1332 3500 urbem‘3

351 3530 465 3593 eumin
487 3549 576 3594 suum
590 3528 758 3594 Cumanum
782 3530 915 3605 invisitl,
933 3539 962 3595 et
980 3549 1049 3595 mox
1064 3530 1148 3612 epod
1166 3529 1335 3604 victorem,

386 3711 393 3748 ¹
409 3712 446 3764 sd
461 3716 529 3766 Fam.
544 3731 588 3772 nrt.
604 3719 643 3766 17.

385 3803 454 3866 iun,
471 3809 495 3856 b.

387 3891 457 3956 ³urr,
477 3899 516 3946 lt.

387 3983 397 4023 ⁴
413 3985 449 4036 Ad
465 3991 505 4038 trt
529 4001 571 4050 vti,
587 3991 625 4038 ¹7.

389 4077 448 4128 tad
463 4079 512 4130 itt.
527 4093 551 4140 x,
570 4082 609 4130 lt.
