<?xml version="1.0" encoding="UTF-8"?>
<!DOCTYPE html PUBLIC "-//W3C//DTD XHTML 1.0 Transitional//EN"
    "http://www.w3.org/TR/xhtml1/DTD/xhtml1-transitional.dtd">
<html xmlns="http://www.w3.org/1999/xhtml" xml:lang="en" lang="en">
 <head>
  <title>
</title>
<meta http-equiv="Content-Type" content="text/html;charset=utf-8" />
  <meta name='ocr-system' content='tesseract 3.04.00' />
  <meta name='ocr-capabilities' content='ocr_page ocr_carea ocr_par ocr_line ocrx_word'/>
</head>
<body>
  <div class='ocr_page' id='page_1' title='image "./dephaedroepicur00ollegoog_0058.png"; bbox 0 0 3324 5142; ppageno 0'>
   <div class='ocr_carea' id='block_1_1' title="bbox 701 451 862 512">
    <p class='ocr_par' dir='ltr' id='par_1_1' title="bbox 701 451 862 512">
     <span class='ocr_line' id='line_1_1' title="bbox 701 451 862 512; baseline -0.012 -14"><span class='ocrx_word' id='word_1_1' title='bbox 701 451 862 512; x_wconf 81' lang='lat'>...51-</span> 
     </span>
    </p>
   </div>
   <div class='ocr_carea' id='block_1_2' title="bbox 288 577 1280 1933">
    <p class='ocr_par' dir='ltr' id='par_1_2' title="bbox 288 577 1274 778">
     <span class='ocr_line' id='line_1_2' title="bbox 288 577 1274 663; baseline -0.014 -13"><span class='ocrx_word' id='word_1_2' title='bbox 288 588 446 663; x_wconf 88' lang='lat' dir='ltr'><strong>lectorem,</strong></span> <span class='ocrx_word' id='word_1_3' title='bbox 466 603 567 647; x_wconf 90' lang='lat' dir='ltr'><strong>nonne</strong></span> <span class='ocrx_word' id='word_1_4' title='bbox 581 583 716 646; x_wconf 92' lang='lat' dir='ltr'><strong>hominis</strong></span> <span class='ocrx_word' id='word_1_5' title='bbox 736 589 782 644; x_wconf 92' lang='lat' dir='ltr'><strong>est</strong></span> <span class='ocrx_word' id='word_1_6' title='bbox 802 581 1043 659; x_wconf 74' lang='lat' dir='ltr'><strong>intemperanter</strong></span> <span class='ocrx_word' id='word_1_7' title='bbox 1064 577 1220 640; x_wconf 86' lang='lat' dir='ltr'><strong>abutentis</strong></span> <span class='ocrx_word' id='word_1_8' title='bbox 1243 581 1274 639; x_wconf 93' lang='lat' dir='ltr'><strong>et</strong></span> 
     </span>
     <span class='ocr_line' id='line_1_3' title="bbox 290 693 1007 778; baseline -0.014 -18"><span class='ocrx_word' id='word_1_9' title='bbox 290 697 365 772; x_wconf 90' lang='lat' dir='ltr'><strong>otio,</strong></span> <span class='ocrx_word' id='word_1_10' title='bbox 381 693 574 778; x_wconf 75' lang='lat' dir='ltr'><strong>etlitteris¹t</strong></span> <span class='ocrx_word' id='word_1_11' title='bbox 1006 757 1007 761; x_wconf 39' lang='lat'><strong>,</strong></span> 
     </span>
    </p>

    <p class='ocr_par' dir='ltr' id='par_1_3' title="bbox 290 793 1280 1933">
     <span class='ocr_line' id='line_1_4' title="bbox 330 793 1273 873; baseline -0.012 -9"><span class='ocrx_word' id='word_1_12' title='bbox 330 803 379 864; x_wconf 81' lang='lat' dir='ltr'><strong>nd</strong></span> <span class='ocrx_word' id='word_1_13' title='bbox 391 802 480 863; x_wconf 92' lang='lat' dir='ltr'><strong>istam</strong></span> <span class='ocrx_word' id='word_1_14' title='bbox 495 799 648 862; x_wconf 87' lang='lat' dir='ltr'><strong>inscitiam</strong></span> <span class='ocrx_word' id='word_1_15' title='bbox 664 816 784 860; x_wconf 88' lang='lat' dir='ltr'><strong>summa</strong></span> <span class='ocrx_word' id='word_1_16' title='bbox 797 795 967 859; x_wconf 80' lang='lat' dir='ltr'>accedebat</span> <span class='ocrx_word' id='word_1_17' title='bbox 980 793 1172 873; x_wconf 71' lang='lat' dir='ltr'><strong>arrogantia,</strong></span> <span class='ocrx_word' id='word_1_18' title='bbox 1189 793 1273 854; x_wconf 91' lang='lat' dir='ltr'><strong>miri-</strong></span> 
     </span>
     <span class='ocr_line' id='line_1_5' title="bbox 290 897 1272 982; baseline -0.01 -14"><span class='ocrx_word' id='word_1_19' title='bbox 290 905 367 968; x_wconf 85' lang='lat' dir='ltr'><strong>ficus</strong></span> <span class='ocrx_word' id='word_1_20' title='bbox 380 910 562 968; x_wconf 79' lang='lat' dir='ltr'><strong>caeterorum</strong></span> <span class='ocrx_word' id='word_1_21' title='bbox 575 908 783 982; x_wconf 89' lang='lat' dir='ltr'><strong>contemptus.</strong></span> <span class='ocrx_word' id='word_1_22' title='bbox 796 900 861 962; x_wconf 89' lang='lat' dir='ltr'><strong>Sibi</strong></span> <span class='ocrx_word' id='word_1_23' title='bbox 873 897 1078 980; x_wconf 65' lang='lat' dir='ltr'><strong>fidenreqnon</strong></span> <span class='ocrx_word' id='word_1_24' title='bbox 1091 897 1185 976; x_wconf 89' lang='lat' dir='ltr'><strong>modo</strong></span> <span class='ocrx_word' id='word_1_25' title='bbox 1196 898 1272 979; x_wconf 88' lang='lat' dir='ltr'><strong>Epi·</strong></span> 
     </span>
     <span class='ocr_line' id='line_1_6' title="bbox 290 1005 1271 1086; baseline -0.011 -9"><span class='ocrx_word' id='word_1_26' title='bbox 290 1033 383 1077; x_wconf 92' lang='lat' dir='ltr'><strong>curus</strong></span> <span class='ocrx_word' id='word_1_27' title='bbox 398 1019 429 1076; x_wconf 91' lang='lat' dir='ltr'><strong>et</strong></span> <span class='ocrx_word' id='word_1_28' title='bbox 443 1010 641 1074; x_wconf 81' lang='lat' dir='ltr'><strong>Metrodorus</strong></span> <span class='ocrx_word' id='word_1_29' title='bbox 658 1015 689 1071; x_wconf 89' lang='lat' dir='ltr'><strong>et</strong></span> <span class='ocrx_word' id='word_1_30' title='bbox 708 1007 918 1070; x_wconf 79' lang='lat' dir='ltr'><strong>Hermarchus</strong></span> <span class='ocrx_word' id='word_1_31' title='bbox 933 1011 1041 1068; x_wconf 90' lang='lat' dir='ltr'><strong>contra</strong></span> <span class='ocrx_word' id='word_1_32' title='bbox 1052 1005 1271 1086; x_wconf 76' lang='lat' dir='ltr'><strong>Pythagoram,</strong></span> 
     </span>
     <span class='ocr_line' id='line_1_7' title="bbox 290 1110 1279 1196; baseline -0.009 -16"><span class='ocrx_word' id='word_1_33' title='bbox 290 1117 462 1190; x_wconf 85' lang='lat' dir='ltr'><strong>Platonem,</strong></span> <span class='ocrx_word' id='word_1_34' title='bbox 495 1112 777 1196; x_wconf 80' lang='lat' dir='ltr'><strong>Empedoclemque</strong></span> <span class='ocrx_word' id='word_1_35' title='bbox 805 1112 964 1186; x_wconf 84' lang='lat' dir='ltr'><strong>dixerunt,</strong></span> <span class='ocrx_word' id='word_1_36' title='bbox 998 1112 1054 1174; x_wconf 90' lang='lat' dir='ltr'><strong>sed</strong></span> <span class='ocrx_word' id='word_1_37' title='bbox 1079 1110 1279 1172; x_wconf 87' lang='lat' dir='ltr'><strong>meretricula</strong></span> 
     </span>
     <span class='ocr_line' id='line_1_8' title="bbox 291 1217 1276 1300; baseline -0.006 -16"><span class='ocrx_word' id='word_1_38' title='bbox 291 1219 452 1284; x_wconf 89' lang='lat' dir='ltr'><strong>Leontium</strong></span> <span class='ocrx_word' id='word_1_39' title='bbox 473 1227 583 1284; x_wconf 91' lang='lat' dir='ltr'><strong>contra</strong></span> <span class='ocrx_word' id='word_1_40' title='bbox 603 1218 849 1300; x_wconf 81' lang='lat' dir='ltr'><strong>Theophrastum</strong></span> <span class='ocrx_word' id='word_1_41' title='bbox 871 1217 1009 1280; x_wconf 92' lang='lat' dir='ltr'><strong>scribere</strong></span> <span class='ocrx_word' id='word_1_42' title='bbox 1028 1234 1103 1279; x_wconf 87' lang='lat' dir='ltr'><strong>ausa</strong></span> <span class='ocrx_word' id='word_1_43' title='bbox 1124 1225 1182 1289; x_wconf 90' lang='lat' dir='ltr'><strong>est,</strong></span> <span class='ocrx_word' id='word_1_44' title='bbox 1198 1217 1276 1278; x_wconf 88' lang='lat' dir='ltr'><strong>scito</strong></span> 
     </span>
     <span class='ocr_line' id='line_1_9' title="bbox 291 1303 1275 1406; baseline -0.004 -20"><span class='ocrx_word' id='word_1_45' title='bbox 291 1325 345 1388; x_wconf 87' lang='lat' dir='ltr'><strong>illa</strong></span> <span class='ocrx_word' id='word_1_46' title='bbox 356 1303 481 1406; x_wconf 81' lang='lat' dir='ltr'><strong>quidem</strong></span> <span class='ocrx_word' id='word_1_47' title='bbox 492 1341 637 1388; x_wconf 89' lang='lat' dir='ltr'><strong>sermone</strong></span> <span class='ocrx_word' id='word_1_48' title='bbox 650 1329 682 1386; x_wconf 90' lang='lat' dir='ltr'><strong>et</strong></span> <span class='ocrx_word' id='word_1_49' title='bbox 695 1323 800 1398; x_wconf 86' lang='lat' dir='ltr'><strong>attico,</strong></span> <span class='ocrx_word' id='word_1_50' title='bbox 820 1323 874 1384; x_wconf 91' lang='lat' dir='ltr'><strong>sed</strong></span> <span class='ocrx_word' id='word_1_51' title='bbox 888 1329 990 1385; x_wconf 90' lang='lat' dir='ltr'><strong>tamen</strong></span> <span class='ocrx_word' id='word_1_52' title='bbox 1002 1321 1023 1383; x_wconf 81' lang='lat'><strong>².</strong></span> <span class='ocrx_word' id='word_1_53' title='bbox 1045 1324 1128 1384; x_wconf 92' lang='lat' dir='ltr'><strong>Zeno</strong></span> <span class='ocrx_word' id='word_1_54' title='bbox 1144 1339 1207 1384; x_wconf 90' lang='lat' dir='ltr'><strong>non</strong></span> <span class='ocrx_word' id='word_1_55' title='bbox 1221 1340 1275 1384; x_wconf 91' lang='lat' dir='ltr'><strong>eos</strong></span> 
     </span>
     <span class='ocr_line' id='line_1_10' title="bbox 292 1426 1279 1510; baseline -0.004 -18"><span class='ocrx_word' id='word_1_56' title='bbox 292 1431 391 1497; x_wconf 89' lang='lat' dir='ltr'><strong>solum</strong></span> <span class='ocrx_word' id='word_1_57' title='bbox 406 1429 461 1510; x_wconf 92' lang='lat' dir='ltr'><strong>qui</strong></span> <span class='ocrx_word' id='word_1_58' title='bbox 474 1436 649 1503; x_wconf 81' lang='lat' dir='ltr'><strong>tumerent,</strong></span> <span class='ocrx_word' id='word_1_59' title='bbox 665 1427 903 1509; x_wconf 83' lang='lat' dir='ltr'><strong>Apollodorum,</strong></span> <span class='ocrx_word' id='word_1_60' title='bbox 920 1426 1047 1506; x_wconf 80' lang='lat' dir='ltr'><strong>Syllum,</strong></span> <span class='ocrx_word' id='word_1_61' title='bbox 1061 1433 1189 1489; x_wconf 83' lang='lat' dir='ltr'><strong>caeteros</strong></span> <span class='ocrx_word' id='word_1_62' title='bbox 1203 1426 1279 1506; x_wconf 77' lang='lat' dir='ltr'><strong>lige-</strong></span> 
     </span>
     <span class='ocr_line' id='line_1_11' title="bbox 291 1532 1280 1614; baseline -0.005 -16"><span class='ocrx_word' id='word_1_63' title='bbox 291 1535 346 1598; x_wconf 85' lang='lat' dir='ltr'><strong>bat</strong></span> <span class='ocrx_word' id='word_1_64' title='bbox 360 1534 548 1612; x_wconf 82' lang='lat' dir='ltr'><strong>maledictis3</strong></span> <span class='ocrx_word' id='word_1_65' title='bbox 569 1533 624 1596; x_wconf 87' lang='lat' dir='ltr'><strong>sed</strong></span> <span class='ocrx_word' id='word_1_66' title='bbox 644 1535 803 1598; x_wconf 84' lang='lat' dir='ltr'><strong>Socratem</strong></span> <span class='ocrx_word' id='word_1_67' title='bbox 821 1534 933 1614; x_wconf 90' lang='lat' dir='ltr'><strong>ipsum,</strong></span> <span class='ocrx_word' id='word_1_68' title='bbox 951 1539 1112 1614; x_wconf 89' lang='lat' dir='ltr'><strong>parentem</strong></span> <span class='ocrx_word' id='word_1_69' title='bbox 1132 1532 1280 1614; x_wconf 90' lang='lat' dir='ltr'><strong>philoso-</strong></span> 
     </span>
     <span class='ocr_line' id='line_1_12' title="bbox 292 1635 1274 1721; baseline -0.002 -21"><span class='ocrx_word' id='word_1_70' title='bbox 292 1639 386 1721; x_wconf 85' lang='lat' dir='ltr'><strong>pbiae,</strong></span> <span class='ocrx_word' id='word_1_71' title='bbox 397 1638 494 1700; x_wconf 88' lang='lat' dir='ltr'><strong>latino</strong></span> <span class='ocrx_word' id='word_1_72' title='bbox 509 1639 606 1702; x_wconf 87' lang='lat' dir='ltr'><strong>verbo</strong></span> <span class='ocrx_word' id='word_1_73' title='bbox 617 1645 719 1712; x_wconf 90' lang='lat' dir='ltr'><strong>utens,</strong></span> <span class='ocrx_word' id='word_1_74' title='bbox 735 1657 873 1700; x_wconf 90' lang='lat' dir='ltr'><strong>scurram</strong></span> <span class='ocrx_word' id='word_1_75' title='bbox 887 1638 1011 1700; x_wconf 90' lang='lat' dir='ltr'><strong>atticum</strong></span> <span class='ocrx_word' id='word_1_76' title='bbox 1031 1635 1125 1698; x_wconf 89' lang='lat' dir='ltr'><strong>luisse</strong></span> <span class='ocrx_word' id='word_1_77' title='bbox 1140 1636 1274 1708; x_wconf 85' lang='lat' dir='ltr'><strong>dicebat,</strong></span> 
     </span>
     <span class='ocr_line' id='line_1_13' title="bbox 292 1743 1277 1826; baseline 0 -20"><span class='ocrx_word' id='word_1_78' title='bbox 292 1744 498 1826; x_wconf 78' lang='lat' dir='ltr'><strong>Chrysippum</strong></span> <span class='ocrx_word' id='word_1_79' title='bbox 512 1762 669 1826; x_wconf 88' lang='lat' dir='ltr'><strong>nunquam</strong></span> <span class='ocrx_word' id='word_1_80' title='bbox 683 1745 744 1808; x_wconf 91' lang='lat' dir='ltr'><strong>nisi</strong></span> <span class='ocrx_word' id='word_1_81' title='bbox 760 1744 946 1826; x_wconf 84' lang='lat' dir='ltr'><strong>Chesippum</strong></span> <span class='ocrx_word' id='word_1_82' title='bbox 960 1743 1122 1812; x_wconf 69' lang='lat' dir='ltr'><strong>vocabatl.</strong></span> <span class='ocrx_word' id='word_1_83' title='bbox 1139 1744 1190 1806; x_wconf 92' lang='lat' dir='ltr'><strong>Uti</strong></span> <span class='ocrx_word' id='word_1_84' title='bbox 1204 1745 1277 1826; x_wconf 84' lang='lat' dir='ltr'><strong>Epi-</strong></span> 
     </span>
     <span class='ocr_line' id='line_1_14' title="bbox 292 1850 1279 1933; baseline -0.001 -18"><span class='ocrx_word' id='word_1_85' title='bbox 292 1871 386 1916; x_wconf 86' lang='lat' dir='ltr'><strong>curus</strong></span> <span class='ocrx_word' id='word_1_86' title='bbox 397 1851 488 1926; x_wconf 89' lang='lat' dir='ltr'><strong>alios,</strong></span> <span class='ocrx_word' id='word_1_87' title='bbox 503 1852 612 1914; x_wconf 89' lang='lat' dir='ltr'><strong>nescio</strong></span> <span class='ocrx_word' id='word_1_88' title='bbox 622 1851 699 1933; x_wconf 89' lang='lat' dir='ltr'><strong>quid</strong></span> <span class='ocrx_word' id='word_1_89' title='bbox 711 1851 743 1912; x_wconf 90' lang='lat' dir='ltr'><strong>iu</strong></span> <span class='ocrx_word' id='word_1_90' title='bbox 756 1850 953 1932; x_wconf 89' lang='lat' dir='ltr'><strong>philosophia</strong></span> <span class='ocrx_word' id='word_1_91' title='bbox 966 1851 1195 1925; x_wconf 88' lang='lat' dir='ltr'><strong>dissentientes,</strong></span> <span class='ocrx_word' id='word_1_92' title='bbox 1207 1853 1279 1914; x_wconf 92' lang='lat' dir='ltr'><strong>totis</strong></span> 
     </span>
    </p>
   </div>
   <div class='ocr_carea' id='block_1_3' title="bbox 186 1955 1279 2038">
    <p class='ocr_par' dir='ltr' id='par_1_4' title="bbox 186 1955 1279 2038">
     <span class='ocr_line' id='line_1_15' title="bbox 186 1955 1279 2038; baseline 0.001 -19"><span class='ocrx_word' id='word_1_93' title='bbox 186 1977 188 1984; x_wconf 68' lang='grc'>’</span> <span class='ocrx_word' id='word_1_94' title='bbox 292 1957 501 2020; x_wconf 87' lang='lat' dir='ltr'><strong>voluminibus</strong></span> <span class='ocrx_word' id='word_1_95' title='bbox 517 1955 715 2030; x_wconf 88' lang='lat' dir='ltr'><strong>concidebat,</strong></span> <span class='ocrx_word' id='word_1_96' title='bbox 729 1956 774 2018; x_wconf 91' lang='lat' dir='ltr'><strong>sio</strong></span> <span class='ocrx_word' id='word_1_97' title='bbox 789 1974 827 2018; x_wconf 93' lang='lat' dir='ltr'><strong>ne</strong></span> <span class='ocrx_word' id='word_1_98' title='bbox 843 1955 1000 2036; x_wconf 79' lang='lat' dir='ltr'><strong>magistris</strong></span> <span class='ocrx_word' id='word_1_99' title='bbox 1016 1956 1142 2036; x_wconf 89' lang='lat' dir='ltr'><strong>quidem</strong></span> <span class='ocrx_word' id='word_1_100' title='bbox 1163 1976 1279 2038; x_wconf 86' lang='lat' dir='ltr'><strong>parce-</strong></span> 
     </span>
    </p>
   </div>
   <div class='ocr_carea' id='block_1_4' title="bbox 292 2061 1282 2881">
    <p class='ocr_par' dir='ltr' id='par_1_5' title="bbox 292 2061 1282 2881">
     <span class='ocr_line' id='line_1_16' title="bbox 292 2061 1276 2143; baseline 0 -19"><span class='ocrx_word' id='word_1_101' title='bbox 292 2061 355 2124; x_wconf 91' lang='lat' dir='ltr'><strong>bat.</strong></span> <span class='ocrx_word' id='word_1_102' title='bbox 372 2062 408 2124; x_wconf 93' lang='lat' dir='ltr'><strong>ln</strong></span> <span class='ocrx_word' id='word_1_103' title='bbox 420 2062 628 2124; x_wconf 86' lang='lat' dir='ltr'><strong>Democritum</strong></span> <span class='ocrx_word' id='word_1_104' title='bbox 640 2062 741 2143; x_wconf 89' lang='lat' dir='ltr'><strong>ipsum</strong></span> <span class='ocrx_word' id='word_1_105' title='bbox 754 2079 846 2142; x_wconf 88' lang='lat' dir='ltr'><strong>quem</strong></span> <span class='ocrx_word' id='word_1_106' title='bbox 859 2069 982 2124; x_wconf 90' lang='lat' dir='ltr'><strong>secutus</strong></span> <span class='ocrx_word' id='word_1_107' title='bbox 996 2068 1042 2124; x_wconf 91' lang='lat' dir='ltr'><strong>est</strong></span> <span class='ocrx_word' id='word_1_108' title='bbox 1055 2061 1112 2122; x_wconf 90' lang='lat' dir='ltr'><strong>luit</strong></span> <span class='ocrx_word' id='word_1_109' title='bbox 1124 2063 1276 2143; x_wconf 79' lang='lat' dir='ltr'><strong>ingratus,</strong></span> 
     </span>
     <span class='ocr_line' id='line_1_17' title="bbox 293 2165 1280 2248; baseline 0.002 -22"><span class='ocrx_word' id='word_1_110' title='bbox 293 2165 526 2248; x_wconf 88' lang='lat' dir='ltr'><strong>Nausiphanem</strong></span> <span class='ocrx_word' id='word_1_111' title='bbox 549 2167 743 2248; x_wconf 77' lang='lat' dir='ltr'><strong>magistrum,</strong></span> <span class='ocrx_word' id='word_1_112' title='bbox 764 2185 784 2228; x_wconf 92' lang='lat' dir='ltr'><strong>a</strong></span> <span class='ocrx_word' id='word_1_113' title='bbox 803 2185 872 2246; x_wconf 85' lang='lat' dir='ltr'><strong>quo</strong></span> <span class='ocrx_word' id='word_1_114' title='bbox 884 2186 921 2228; x_wconf 90' lang='lat' dir='ltr'><strong>se·</strong></span> <span class='ocrx_word' id='word_1_115' title='bbox 932 2167 1009 2229; x_wconf 92' lang='lat' dir='ltr'><strong>nihil</strong></span> <span class='ocrx_word' id='word_1_116' title='bbox 1024 2166 1172 2229; x_wconf 88' lang='lat' dir='ltr'><strong>didicisse</strong></span> <span class='ocrx_word' id='word_1_117' title='bbox 1188 2166 1280 2230; x_wconf 84' lang='lat' dir='ltr'><strong>allir-</strong></span> 
     </span>
     <span class='ocr_line' id='line_1_18' title="bbox 294 2269 1280 2357; baseline 0.007 -25"><span class='ocrx_word' id='word_1_118' title='bbox 294 2269 413 2347; x_wconf 91' lang='lat' dir='ltr'><strong>mabat,</strong></span> <span class='ocrx_word' id='word_1_119' title='bbox 429 2290 490 2334; x_wconf 93' lang='lat' dir='ltr'><strong>non</strong></span> <span class='ocrx_word' id='word_1_120' title='bbox 504 2271 583 2334; x_wconf 93' lang='lat' dir='ltr'><strong>male</strong></span> <span class='ocrx_word' id='word_1_121' title='bbox 596 2273 696 2334; x_wconf 89' lang='lat' dir='ltr'><strong>minus</strong></span> <span class='ocrx_word' id='word_1_122' title='bbox 707 2273 857 2355; x_wconf 68' lang='lat' dir='ltr'><strong>accepiet</strong></span> <span class='ocrx_word' id='word_1_123' title='bbox 874 2273 1024 2336; x_wconf 86' lang='lat' dir='ltr'><strong>Eemdem</strong></span> <span class='ocrx_word' id='word_1_124' title='bbox 1044 2275 1132 2336; x_wconf 92' lang='lat' dir='ltr'><strong>latini</strong></span> <span class='ocrx_word' id='word_1_125' title='bbox 1144 2295 1280 2357; x_wconf 92' lang='lat' dir='ltr'><strong>usurpa-</strong></span> 
     </span>
     <span class='ocr_line' id='line_1_19' title="bbox 294 2375 1280 2456; baseline 0.002 -16"><span class='ocrx_word' id='word_1_126' title='bbox 294 2376 373 2440; x_wconf 91' lang='lat' dir='ltr'><strong>bant</strong></span> <span class='ocrx_word' id='word_1_127' title='bbox 387 2375 599 2440; x_wconf 84' lang='lat' dir='ltr'><strong>insolentiam.</strong></span> <span class='ocrx_word' id='word_1_128' title='bbox 616 2376 665 2440; x_wconf 90' lang='lat' dir='ltr'><strong>Sic</strong></span> <span class='ocrx_word' id='word_1_129' title='bbox 676 2377 814 2442; x_wconf 85' lang='lat' dir='ltr'><strong>Velleius</strong></span> <span class='ocrx_word' id='word_1_130' title='bbox 828 2379 860 2440; x_wconf 91' lang='lat' dir='ltr'><strong>in</strong></span> <span class='ocrx_word' id='word_1_131' title='bbox 875 2379 930 2442; x_wconf 93' lang='lat' dir='ltr'><strong>illo</strong></span> <span class='ocrx_word' id='word_1_132' title='bbox 942 2380 986 2440; x_wconf 87' lang='lat' dir='ltr'><strong>De</strong></span> <span class='ocrx_word' id='word_1_133' title='bbox 999 2381 1123 2444; x_wconf 80' lang='lat' dir='ltr'><strong>Nature</strong></span> <span class='ocrx_word' id='word_1_134' title='bbox 1135 2381 1280 2456; x_wconf 82' lang='lat' dir='ltr'><strong>Deorum,</strong></span> 
     </span>
     <span class='ocr_line' id='line_1_20' title="bbox 295 2482 1280 2565; baseline 0.007 -24"><span class='ocrx_word' id='word_1_135' title='bbox 295 2499 390 2562; x_wconf 93' lang='lat' dir='ltr'><strong>quum</strong></span> <span class='ocrx_word' id='word_1_136' title='bbox 403 2487 550 2562; x_wconf 88' lang='lat' dir='ltr'><strong>tauquam</strong></span> <span class='ocrx_word' id='word_1_137' title='bbox 562 2489 701 2545; x_wconf 87' lang='lat' dir='ltr'><strong>senatum</strong></span> <span class='ocrx_word' id='word_1_138' title='bbox 712 2482 968 2565; x_wconf 90' lang='lat' dir='ltr'><strong>philosophorum</strong></span> <span class='ocrx_word' id='word_1_139' title='bbox 979 2485 1132 2557; x_wconf 87' lang='lat' dir='ltr'><strong>recitavit,</strong></span> <span class='ocrx_word' id='word_1_140' title='bbox 1145 2505 1280 2548; x_wconf 89' lang='lat' dir='ltr'><strong>summos</strong></span> 
     </span>
     <span class='ocr_line' id='line_1_21' title="bbox 295 2585 1282 2668; baseline 0.006 -24"><span class='ocrx_word' id='word_1_141' title='bbox 295 2585 379 2647; x_wconf 89' lang='lat' dir='ltr'><strong>viros</strong></span> <span class='ocrx_word' id='word_1_142' title='bbox 393 2585 548 2668; x_wconf 90' lang='lat' dir='ltr'><strong>desipere,</strong></span> <span class='ocrx_word' id='word_1_143' title='bbox 569 2587 716 2661; x_wconf 90' lang='lat' dir='ltr'><strong>delirare,</strong></span> <span class='ocrx_word' id='word_1_144' title='bbox 738 2589 905 2661; x_wconf 89' lang='lat' dir='ltr'><strong>somniare,</strong></span> <span class='ocrx_word' id='word_1_145' title='bbox 930 2591 1089 2656; x_wconf 87' lang='lat' dir='ltr'><strong>dementes</strong></span> <span class='ocrx_word' id='word_1_146' title='bbox 1110 2609 1177 2652; x_wconf 91' lang='lat' dir='ltr'><strong>esse</strong></span> <span class='ocrx_word' id='word_1_147' title='bbox 1191 2590 1282 2654; x_wconf 84' lang='lat' dir='ltr'><strong>dicit.</strong></span> 
     </span>
     <span class='ocr_line' id='line_1_22' title="bbox 297 2690 1281 2780; baseline 0.009 -28"><span class='ocrx_word' id='word_1_148' title='bbox 297 2691 370 2753; x_wconf 83' lang='lat' dir='ltr'><strong>hlox</strong></span> <span class='ocrx_word' id='word_1_149' title='bbox 385 2690 516 2754; x_wconf 88' lang='lat' dir='ltr'><strong>fidenter</strong></span> <span class='ocrx_word' id='word_1_150' title='bbox 531 2710 620 2764; x_wconf 90' lang='lat' dir='ltr'><strong>saue,</strong></span> <span class='ocrx_word' id='word_1_151' title='bbox 636 2699 671 2754; x_wconf 92' lang='lat' dir='ltr'><strong>ut</strong></span> <span class='ocrx_word' id='word_1_152' title='bbox 689 2695 790 2757; x_wconf 87' lang='lat' dir='ltr'><strong>solent</strong></span> <span class='ocrx_word' id='word_1_153' title='bbox 806 2695 869 2769; x_wconf 88' lang='lat' dir='ltr'><strong>isti,</strong></span> <span class='ocrx_word' id='word_1_154' title='bbox 887 2695 962 2756; x_wconf 94' lang='lat' dir='ltr'><strong>nihil</strong></span> <span class='ocrx_word' id='word_1_155' title='bbox 978 2705 1039 2758; x_wconf 92' lang='lat' dir='ltr'><strong>tam</strong></span> <span class='ocrx_word' id='word_1_156' title='bbox 1058 2717 1168 2761; x_wconf 90' lang='lat' dir='ltr'><strong>verens</strong></span> <span class='ocrx_word' id='word_1_157' title='bbox 1188 2717 1281 2780; x_wconf 93' lang='lat' dir='ltr'><strong>quam</strong></span> 
     </span>
     <span class='ocr_line' id='line_1_23' title="bbox 298 2793 1282 2881; baseline 0.012 -27"><span class='ocrx_word' id='word_1_158' title='bbox 298 2811 337 2854; x_wconf 91' lang='lat' dir='ltr'><strong>ne</strong></span> <span class='ocrx_word' id='word_1_159' title='bbox 350 2793 495 2856; x_wconf 85' lang='lat' dir='ltr'><strong>dubitare</strong></span> <span class='ocrx_word' id='word_1_160' title='bbox 521 2795 683 2876; x_wconf 85' lang='lat' dir='ltr'><strong>aliquado</strong></span> <span class='ocrx_word' id='word_1_161' title='bbox 706 2815 741 2858; x_wconf 90' lang='lat' dir='ltr'><strong>re</strong></span> <span class='ocrx_word' id='word_1_162' title='bbox 762 2797 937 2874; x_wconf 83' lang='lat' dir='ltr'><strong>videretur3</strong></span> <span class='ocrx_word' id='word_1_163' title='bbox 961 2805 1109 2881; x_wconf 90' lang='lat' dir='ltr'><strong>tanquam</strong></span> <span class='ocrx_word' id='word_1_164' title='bbox 1130 2804 1223 2866; x_wconf 92' lang='lat' dir='ltr'><strong>modo</strong></span> <span class='ocrx_word' id='word_1_165' title='bbox 1244 2822 1282 2866; x_wconf 85' lang='lat' dir='ltr'><strong>ex</strong></span> 
     </span>
    </p>
   </div>
   <div class='ocr_carea' id='block_1_5' title="bbox 297 2899 1362 3412">
    <p class='ocr_par' dir='ltr' id='par_1_6' title="bbox 297 2899 1362 3412">
     <span class='ocr_line' id='line_1_24' title="bbox 297 2899 1282 2983; baseline 0.015 -23"><span class='ocrx_word' id='word_1_166' title='bbox 297 2900 430 2961; x_wconf 85' lang='lat' dir='ltr'><strong>Deorum</strong></span> <span class='ocrx_word' id='word_1_167' title='bbox 443 2899 576 2963; x_wconf 90' lang='lat' dir='ltr'><strong>concilio</strong></span> <span class='ocrx_word' id='word_1_168' title='bbox 588 2907 618 2964; x_wconf 91' lang='lat' dir='ltr'><strong>et</strong></span> <span class='ocrx_word' id='word_1_169' title='bbox 629 2919 667 2963; x_wconf 86' lang='lat' dir='ltr'><strong>ex</strong></span> <span class='ocrx_word' id='word_1_170' title='bbox 678 2903 806 2983; x_wconf 90' lang='lat' dir='ltr'><strong>Epicuri</strong></span> <span class='ocrx_word' id='word_1_171' title='bbox 818 2905 1035 2969; x_wconf 89' lang='lat' dir='ltr'><strong>intermundiis</strong></span> <span class='ocrx_word' id='word_1_172' title='bbox 1048 2909 1260 2972; x_wconf 88' lang='lat' dir='ltr'><strong>descendisset</strong></span> <span class='ocrx_word' id='word_1_173' title='bbox 1273 2930 1282 2975; x_wconf 80' lang='lat' dir='ltr'><strong>r</strong></span> 
     </span>
     <span class='ocr_line' id='line_1_25' title="bbox 301 3003 1362 3096; baseline 0.019 -35"><span class='ocrx_word' id='word_1_174' title='bbox 301 3003 442 3065; x_wconf 73' lang='lat' dir='ltr'><strong>«Audite</strong></span> <span class='ocrx_word' id='word_1_175' title='bbox 469 3003 585 3084; x_wconf 86' lang='lat' dir='ltr'><strong>inquit,</strong></span> <span class='ocrx_word' id='word_1_176' title='bbox 610 3026 671 3070; x_wconf 90' lang='lat' dir='ltr'><strong>non</strong></span> <span class='ocrx_word' id='word_1_177' title='bbox 701 3009 802 3073; x_wconf 87' lang='lat' dir='ltr'><strong>futiles</strong></span> <span class='ocrx_word' id='word_1_178' title='bbox 833 3015 1120 3096; x_wconf 82' lang='lat' dir='ltr'><strong>commentitiaeque</strong></span> <span class='ocrx_word' id='word_1_179' title='bbox 1154 3027 1284 3079; x_wconf 91' lang='lat' dir='ltr'><strong>senten-</strong></span> <span class='ocrx_word' id='word_1_180' title='bbox 1359 3040 1362 3048; x_wconf 94' lang='lat'>·</span> 
     </span>
     <span class='ocr_line' id='line_1_26' title="bbox 301 3111 1283 3202; baseline 0.015 -34"><span class='ocrx_word' id='word_1_181' title='bbox 301 3130 318 3168; x_wconf 87' lang='lat'>»</span> <span class='ocrx_word' id='word_1_182' title='bbox 332 3111 389 3172; x_wconf 90' lang='lat' dir='ltr'><strong>tias</strong></span> <span class='ocrx_word' id='word_1_183' title='bbox 400 3111 450 3170; x_wconf 83' lang='lat'>⁵...</span> <span class='ocrx_word' id='word_1_184' title='bbox 463 3133 479 3169; x_wconf 80' lang='lat' dir='ltr'><strong>n</strong></span> <span class='ocrx_word' id='word_1_185' title='bbox 488 3112 534 3174; x_wconf 90' lang='lat' dir='ltr'><strong>Ne</strong></span> <span class='ocrx_word' id='word_1_186' title='bbox 547 3113 658 3176; x_wconf 86' lang='lat' dir='ltr'><strong>mirere</strong></span> <span class='ocrx_word' id='word_1_187' title='bbox 670 3115 696 3176; x_wconf 90' lang='lat' dir='ltr'><strong>si</strong></span> <span class='ocrx_word' id='word_1_188' title='bbox 708 3115 783 3178; x_wconf 89' lang='lat' dir='ltr'><strong>istos</strong></span> <span class='ocrx_word' id='word_1_189' title='bbox 794 3116 918 3180; x_wconf 91' lang='lat' dir='ltr'><strong>minime</strong></span> <span class='ocrx_word' id='word_1_190' title='bbox 930 3119 1079 3200; x_wconf 90' lang='lat' dir='ltr'><strong>probaret</strong></span> <span class='ocrx_word' id='word_1_191' title='bbox 1088 3121 1204 3182; x_wconf 90' lang='lat' dir='ltr'><strong>Tullius</strong></span> <span class='ocrx_word' id='word_1_192' title='bbox 1218 3124 1283 3202; x_wconf 90' lang='lat' dir='ltr'><strong>qui,</strong></span> 
     </span>
     <span class='ocr_line' id='line_1_27' title="bbox 302 3217 1285 3300; baseline 0.013 -23"><span class='ocrx_word' id='word_1_193' title='bbox 302 3217 435 3296; x_wconf 75' lang='lat' dir='ltr'><strong>graviter</strong></span> <span class='ocrx_word' id='word_1_194' title='bbox 450 3225 618 3297; x_wconf 85' lang='lat' dir='ltr'><strong>sancteque</strong></span> <span class='ocrx_word' id='word_1_195' title='bbox 634 3221 802 3295; x_wconf 89' lang='lat' dir='ltr'><strong>institutus,</strong></span> <span class='ocrx_word' id='word_1_196' title='bbox 819 3223 986 3297; x_wconf 88' lang='lat' dir='ltr'><strong>Socratem,</strong></span> <span class='ocrx_word' id='word_1_197' title='bbox 1004 3225 1174 3300; x_wconf 91' lang='lat' dir='ltr'><strong>Platonem,</strong></span> <span class='ocrx_word' id='word_1_198' title='bbox 1195 3231 1285 3290; x_wconf 82' lang='lat' dir='ltr'><strong>hris-</strong></span> 
     </span>
     <span class='ocr_line' id='line_1_28' title="bbox 303 3323 1283 3412; baseline 0.016 -30"><span class='ocrx_word' id='word_1_199' title='bbox 303 3323 423 3384; x_wconf 90' lang='lat' dir='ltr'><strong>totelem</strong></span> <span class='ocrx_word' id='word_1_200' title='bbox 441 3324 597 3405; x_wconf 89' lang='lat' dir='ltr'><strong>principes</strong></span> <span class='ocrx_word' id='word_1_201' title='bbox 614 3325 730 3405; x_wconf 75' lang='lat' dir='ltr'><strong>ingenii</strong></span> <span class='ocrx_word' id='word_1_202' title='bbox 748 3333 777 3388; x_wconf 90' lang='lat' dir='ltr'><strong>et</strong></span> <span class='ocrx_word' id='word_1_203' title='bbox 791 3328 941 3390; x_wconf 88' lang='lat' dir='ltr'><strong>doctrinae</strong></span> <span class='ocrx_word' id='word_1_204' title='bbox 957 3331 1147 3412; x_wconf 83' lang='lat' dir='ltr'><strong>praedicabat</strong></span> <span class='ocrx_word' id='word_1_205' title='bbox 1158 3337 1181 3409; x_wconf 76' lang='lat'><strong>⁶,</strong></span> <span class='ocrx_word' id='word_1_206' title='bbox 1196 3356 1283 3398; x_wconf 91' lang='lat' dir='ltr'><strong>vere-</strong></span> 
     </span>
    </p>
   </div>
   <div class='ocr_carea' id='block_1_6' title="bbox 337 3505 730 4026">
    <p class='ocr_par' dir='ltr' id='par_1_7' title="bbox 338 3505 542 3563">
     <span class='ocr_line' id='line_1_29' title="bbox 338 3505 542 3563; baseline 0.005 -10"><span class='ocrx_word' id='word_1_207' title='bbox 338 3505 435 3555; x_wconf 65' lang='grc' dir='ltr'><strong>ιΤιιεο.</strong></span> <span class='ocrx_word' id='word_1_208' title='bbox 451 3523 468 3563; x_wconf 89' lang='lat' dir='ltr'><strong>r,</strong></span> <span class='ocrx_word' id='word_1_209' title='bbox 481 3525 505 3555; x_wconf 84' lang='lat' dir='ltr'><strong>c.</strong></span> <span class='ocrx_word' id='word_1_210' title='bbox 519 3512 542 3557; x_wconf 87' lang='grc'><strong>3.</strong></span> 
     </span>
    </p>

    <p class='ocr_par' dir='ltr' id='par_1_8' title="bbox 337 3593 683 3738">
     <span class='ocr_line' id='line_1_30' title="bbox 337 3593 683 3660; baseline 0.017 -17"><span class='ocrx_word' id='word_1_211' title='bbox 337 3593 399 3644; x_wconf 72' lang='lat' dir='ltr'><strong>²De</strong></span> <span class='ocrx_word' id='word_1_212' title='bbox 411 3601 465 3648; x_wconf 81' lang='lat' dir='ltr'><strong>tter.</strong></span> <span class='ocrx_word' id='word_1_213' title='bbox 482 3602 554 3648; x_wconf 88' lang='lat' dir='ltr'><strong>Deor.</strong></span> <span class='ocrx_word' id='word_1_214' title='bbox 571 3617 588 3660; x_wconf 85' lang='lat' dir='ltr'><strong>i,</strong></span> <span class='ocrx_word' id='word_1_215' title='bbox 604 3615 626 3648; x_wconf 88' lang='lat' dir='ltr'><strong>c.</strong></span> <span class='ocrx_word' id='word_1_216' title='bbox 641 3605 683 3650; x_wconf 79' lang='grc'><strong>33.</strong></span> 
     </span>
     <span class='ocr_line' id='line_1_31' title="bbox 339 3685 483 3738; baseline 0.014 -3"><span class='ocrx_word' id='word_1_217' title='bbox 339 3685 428 3736; x_wconf 82' lang='lat' dir='ltr'><strong>³loid.</strong></span> <span class='ocrx_word' id='word_1_218' title='bbox 444 3692 483 3738; x_wconf 81' lang='lat' dir='ltr'><strong>at.</strong></span> 
     </span>
    </p>

    <p class='ocr_par' dir='ltr' id='par_1_9' title="bbox 340 3777 490 3830">
     <span class='ocr_line' id='line_1_32' title="bbox 340 3777 490 3830; baseline 0.027 -4"><span class='ocrx_word' id='word_1_219' title='bbox 340 3777 350 3814; x_wconf 77' lang='lat'>⁴</span> <span class='ocrx_word' id='word_1_220' title='bbox 368 3780 431 3830; x_wconf 86' lang='lat' dir='ltr'><strong>ibid.</strong></span> <span class='ocrx_word' id='word_1_221' title='bbox 450 3786 490 3830; x_wconf 87' lang='grc'><strong>33.</strong></span> 
     </span>
    </p>

    <p class='ocr_par' dir='ltr' id='par_1_10' title="bbox 341 3869 509 3930">
     <span class='ocr_line' id='line_1_33' title="bbox 341 3869 509 3930; baseline 0.024 -11"><span class='ocrx_word' id='word_1_222' title='bbox 341 3869 352 3906; x_wconf 79' lang='lat'>⁵</span> <span class='ocrx_word' id='word_1_223' title='bbox 368 3871 434 3920; x_wconf 86' lang='lat' dir='ltr'><strong>lhid.</strong></span> <span class='ocrx_word' id='word_1_224' title='bbox 453 3891 471 3930; x_wconf 86' lang='lat' dir='ltr'><strong>r,</strong></span> <span class='ocrx_word' id='word_1_225' title='bbox 485 3875 509 3924; x_wconf 80' lang='lat' dir='ltr'><strong>l.</strong></span> 
     </span>
    </p>

    <p class='ocr_par' dir='ltr' id='par_1_11' title="bbox 339 3963 730 4026">
     <span class='ocr_line' id='line_1_34' title="bbox 339 3963 730 4026; baseline 0.015 -14"><span class='ocrx_word' id='word_1_226' title='bbox 339 3963 495 4014; x_wconf 80' lang='lat' dir='ltr'><strong>⁶Passimet</strong></span> <span class='ocrx_word' id='word_1_227' title='bbox 511 3969 541 4014; x_wconf 91' lang='lat' dir='ltr'><strong>ad</strong></span> <span class='ocrx_word' id='word_1_228' title='bbox 555 3970 582 4026; x_wconf 86' lang='lat' dir='ltr'><strong>Q.</strong></span> <span class='ocrx_word' id='word_1_229' title='bbox 602 3972 641 4016; x_wconf 83' lang='lat' dir='ltr'><strong>Fr.</strong></span> <span class='ocrx_word' id='word_1_230' title='bbox 656 3985 673 4026; x_wconf 90' lang='lat' dir='ltr'><strong>r,</strong></span> <span class='ocrx_word' id='word_1_231' title='bbox 691 3974 730 4018; x_wconf 80' lang='lat'><strong>10.</strong></span> 
     </span>
    </p>
   </div>
   <div class='ocr_carea' id='block_1_7' title="bbox 0 0 1685 5142">
    <p class='ocr_par' dir='ltr' id='par_1_12' title="bbox 0 0 1685 5142">
     <span class='ocr_line' id='line_1_35' title="bbox 0 0 1685 5142; baseline 0 0"><span class='ocrx_word' id='word_1_232' title='bbox 0 0 1685 5142; x_wconf 95' lang='lat' dir='ltr'><strong> </strong></span> 
     </span>
    </p>
   </div>
  </div>
 </body>
</html>
