3324 5142
774 455 934 532 ..55-

353 590 424 652 lans
442 609 450 648 ε
468 610 485 649 n
501 585 633 650 liniendi
654 583 878 667 rempublicam
902 582 1095 657 adolescens,
1117 601 1180 646 non
1197 583 1336 646 deseram

356 716 373 754 n
392 693 508 758 senex'i
524 691 697 772 contempsi
719 689 858 780 Catilium
880 687 1012 769 gladios,
1038 706 1106 757 non,
1122 688 1336 770 pertimescam

355 819 373 858 n
390 796 492 860 tuos¹.
506 816 522 855 n
534 793 657 858 Crudeli
668 811 743 856 nece
758 792 885 866 interiit,
898 793 952 854 sed
966 792 1099 855 moriens
1110 778 1220 856 merito
1234 793 1338 856 dicere

356 902 471 982 potuit:
482 898 661 962 «Praeclara
672 898 862 962 couscientia
874 905 1042 972 sustentor,
1055 916 1150 978 quum
1163 899 1279 980 cogito,
1290 917 1339 962 me

355 1025 373 1064 n
388 1005 428 1068 de
438 1003 599 1084 republica
616 1008 670 1086 aut
687 1001 835 1066 meruisse
855 1001 970 1083 optime
983 1019 1078 1082 quum
1090 1003 1261 1082 potuerim
1287 1012 1340 1066 aut

355 1131 373 1171 n
391 1117 472 1175 certe
482 1126 654 1189 uunquam,
671 1093 731 1169 uisi
745 1107 863 1179 divine,
875 1107 1050 1186 cogitasse3
1066 1125 1164 1189 eaque
1176 1108 1245 1190 ipsa
1256 1116 1340 1170 tem-

355 1233 372 1274 »
389 1219 514 1296 pestate
523 1216 663 1274 eversam
676 1229 744 1274 esse
759 1211 995 1293 rempublicam,
1013 1230 1107 1300 quam
1122 1230 1181 1292 ego
1192 1220 1341 1292 quatuor-

286 1392 289 1398 ,
356 1319 491 1382 »decim
503 1315 930 1398 annisauteprospexerim².
950 1337 967 1376 n

394 1425 471 1487 Cum
483 1423 586 1486 Tullio
597 1421 689 1502 quasi
707 1420 828 1502 periere
844 1421 905 1482 iliae
918 1441 1026 1484 omues
1039 1440 1197 1502 generose
1209 1429 1340 1512 senten-

354 1530 415 1602 tiae,
429 1548 507 1612 quas
520 1530 639 1611 iactare
648 1535 678 1590 et
693 1527 755 1588 vita
771 1545 826 1589 sua
843 1527 1026 1590 confirmare
1040 1527 1172 1590 solebat.
1187 1530 1249 1590 Eas
1261 1528 1340 1591 iorte

293 1665 295 1672 ·
354 1629 513 1700 interdum
534 1633 807 1717 usurpabuntviri
836 1635 964 1716 quidam
994 1629 1170 1716 sapientes,
1191 1637 1340 1716 praeteriti

356 1741 504 1823 temporis
529 1759 592 1804 non
618 1737 726 1813 obliti,
751 1739 836 1803 nulla
861 1759 936 1804 vero
959 1739 1181 1817 indentilitas3
1198 1759 1261 1805 nou
1276 1742 1339 1822 jam

345 1847 439 1909 ‘enim
453 1865 525 1911 cnm
536 1847 678 1932 moribus
693 1851 899 1912 consentient.
921 1847 1050 1928 Epicuri
1062 1853 1164 1910 autem
1182 1847 1273 1921 ratio,
1291 1847 1357 1910 cui·

355 1953 388 2014 in
399 1952 560 2034 republica
569 1957 708 2039 ἀδιαφορία
724 1953 946 2032 servitiumque
958 1949 1120 2023 favebunt,
1130 1953 1163 2013 in
1177 1952 1244 2014 dies
1256 1969 1342 2032 gras·

355 2057 493 2132 subitan
517 2079 674 2142 quumque
696 2067 818 2124 caeteras
839 2055 1032 2138 discipilum,
1056 2063 1166 2138 utpote
1193 2055 1340 2119 liberiore

287 2195 290 2198 -
353 2163 438 2227 doelo
447 2163 624 2246 indigentes
634 2170 840 2237 marcescent,
852 2161 977 2228 florebit
990 2161 1123 2225 Hortus.

392 2391 493 2444 vidiae
508 2394 618 2460 perlegi,

390 2511 494 2562 Lutetia
503 2512 669 2573 Parisiorum,
681 2513 708 2562 in
721 2508 879 2587 Sorborffl
895 2511 922 2562 d.
938 2527 953 2560 r
969 2511 1019 2562 lai.
1036 2513 1111 2574 april.
1128 2528 1187 2562 aun.
1204 2529 1339 2563 uncccxcr.

389 2627 530 2676 'Facultatis
540 2628 694 2677 Litterarum
710 2627 735 2675 in
752 2625 887 2676 Academia
903 2625 1038 2676 parisiensi
1052 2629 1175 2686 decanus,

888 2771 910 2817 J.
927 2768 991 2820 vtes.
1009 2771 1048 2819 bu
1065 2771 1175 2821 GLERC.

392 2933 468 2999 'lypis
482 2935 631 2984 mandetur.

920 3028 1113 3088 ROUSSELLE‚

493 3137 611 3178 studiorum
620 3141 726 3192 inspector,
735 3140 863 3192 procurandis
873 3141 983 3182 Academia
991 3143 1106 3182 Paririerrds
1115 3141 1174 3184 rebus
1182 3146 1305 3196 praepositus.

392 3374 444 3422 llas
457 3373 543 3423 theses
558 3372 623 3422 tueri
639 3382 665 3422 et
685 3373 825 3424 dilucidare
841 3374 975 3425 conabitur
990 3375 1022 3424 ad
1038 3375 1150 3427 doctoris
1161 3376 1268 3438 gradum
1283 3393 1343 3442 pro-

359 3464 650 3515 movendusdlexander
662 3466 762 3528 Olleris,
771 3465 798 3516 in
811 3467 943 3530 Facultate
951 3466 1107 3518 Litterarum
1119 3469 1171 3531 jam
1187 3469 1343 3541 licentiatus,

393 3752 402 3788 ¹
419 3752 507 3819 Philip.
524 3771 551 3814 n,
568 3771 590 3804 c.
606 3757 645 3806 ta.

390 3843 454 3895 Uul
468 3849 518 3896 ln.
532 3863 558 3906 x,
570 3851 595 3898 l.
