3324 5142
753 492 913 554 ..aa..

376 623 466 688 Hanc
494 625 599 687 ltomre
625 624 761 689 nondum
787 629 986 708 pessumdata
1011 647 1139 711 prorsus
1160 631 1326 715 republica

334 729 427 792 vitam
449 728 576 810 degunt.
594 727 695 804 Quum
716 748 791 794 vero
813 730 993 813 Pompeium
1014 734 1094 798 inter
1116 739 1146 799 et
1168 735 1321 802 cesarem

334 833 470 897 exoritur
495 835 621 906 bellum,
644 833 779 918 priorem
797 843 969 917 sequuntur
986 838 1172 919 Torquatus,
1197 841 1322 904 Cassius

335 956 432 1002 novus
448 941 673 1022 Epicureorum
695 945 812 1026 ιτιιιρις1
842 949 872 1004 et
890 941 997 1005 Gallus
1020 943 1142 1026 Sangn;
1168 945 1320 1010 Caesarem

334 1047 446 1120 Pansa,
466 1047 538 1109 Piso
554 1053 584 1110 et
597 1047 769 1111 Trebatius.
790 1048 850 1111 llic
869 1065 968 1130 nuper
983 1048 1065 1130 aprid
1088 1049 1321 1114 Samarobrivae

334 1151 461 1234 Epicuri
477 1157 579 1216 castra
604 1153 764 1235 ingressus
780 1163 826 1217 est
849 1173 856 1214 ι
876 1152 967 1216 bomo
983 1155 1136 1236 singulari
1159 1157 1318 1229 memoria,

334 1262 452 1322 summa
475 1259 603 1322 scientia
622 1259 700 1342 juris
716 1257 827 1333 civilis,
850 1259 882 1320 in
898 1277 932 1321 re
953 1269 1056 1322 autem
1077 1259 1202 1323 militari
1223 1261 1321 1325 molto

333 1363 453 1428 cautior
469 1383 562 1446 quam
578 1365 608 1427 in
620 1363 877 1428 advocationibus
887 1363 908 1425 ².
927 1364 972 1426 lix
983 1363 1052 1426 aliis
1064 1365 1169 1447 plnres
1181 1373 1244 1428 tum
1257 1361 1319 1428 vita

330 1472 393 1550 jam
412 1468 629 1542 decesserunt,
651 1487 772 1550 nempe,
789 1467 925 1532 Velleius
949 1477 1085 1544 senator,
1106 1473 1159 1552 qui
1176 1471 1319 1536 tribunus

332 1571 434 1655 plebis
449 1571 550 1636 iuerat
563 1591 646 1637 anno
658 1587 800 1646 nourrii,
816 1573 931 1647 Catius,
948 1573 1117 1637 Lucretius.

372 1677 479 1741 Caetcrl
504 1679 608 1740 liomae
634 1684 759 1740 manent
780 1679 810 1740 in
835 1677 992 1762 poblicum
1026 1681 1086 1742 no'n
1115 1679 1315 1761 prodeuntes.

332 1781 475 1844 sentiunt
490 1781 734 1846 dominationem
750 1781 846 1865 quari
866 1784 906 1847 ab
923 1789 1072 1865 utroque,
1096 1800 1198 1864 neque
1217 1783 1249 1845 id
1269 1785 1318 1864 aqi

334 1885 424 1949 beata
439 1885 609 1950 ethonesta
624 1885 732 1950 civitas
751 1891 785 1948 ut
800 1886 868 1950 sit⁸.
887 1888 932 1949 Ex
954 1886 1083 1950 victoria
1106 1905 1199 1968 quum
1223 1885 1322 1950 malta

333 1987 426 2060 mala,
441 1997 504 2050 tum
515 1996 599 2052 certe
610 1997 761 2072 tyrannus
773 1989 890 2051 existet.
903 1987 990 2052 ldem
1001 1985 1222 2070 iaciuntipitur
1232 1987 1318 2070 quod

333 2097 364 2154 in
379 2093 486 2157 Cinnas
499 2093 992 2176 dominationePhiiippus,quod
1009 2095 1043 2156 L
1058 2093 1201 2169 Flaccus,
1214 2093 1317 2176 quod·

333 2218 395 2280 que
411 2201 535 2264 Mucius
550 2201 603 2282 qui
619 2219 652 2263 se
667 2201 746 2264 mori
762 2199 865 2273 malle,
881 2199 984 2264 dicere
999 2201 1133 2275 solebat,
1153 2217 1246 2284 qnam
1266 2218 1317 2264 ar·

333 2312 448 2368 matum
460 2306 501 2369 ad
512 2306 621 2388 patrie
632 2306 746 2369 moenia
759 2305 907 2369 accedere
918 2326 924 2365 :
937 2321 995 2368 nec
1007 2305 1205 2386 locupletior,
1216 2305 1318 2379 aiunt,

332 2411 521 2489 querendae
536 2417 583 2474 est
601 2411 691 2474 nobis
708 2420 817 2476 auctor
841 2427 934 2492 quam
956 2409 1101 2474 Socrates
1123 2411 1197 2491 qui,
1221 2425 1317 2492 qoam

333 2517 462 2599 triginta
477 2519 601 2601 tyranni
620 2525 740 2594 essent,
760 2519 872 2602 pedem
889 2525 980 2599 porta
1004 2533 1065 2580 non
1083 2515 1218 2580 extulitl.

372 2623 533 2688 Neminem
549 2621 627 2704 fugit
639 2623 709 2704 quis
725 2621 818 2687 luerit
834 2625 932 2686 exitus
957 2621 1043 2686 belli.
1060 2621 1235 2702 Apollonia
1256 2623 1318 2686 im-

333 2729 420 2811 perio
435 2729 571 2794 donatus
586 2749 603 2792 a
619 2731 766 2813 Pompeio
791 2731 967 2811 Torquatus
983 2727 1129 2810 expulsus
1153 2727 1210 2790 luit
1232 2745 1249 2790 a
1268 2727 1318 2792 ci-

333 2833 422 2897 vibus
438 2835 491 2916 qui
503 2833 620 2897 Caesari
634 2817 801 2909 favebant,
812 2835 986 2916 ceciditque
1001 2835 1032 2896 in
1050 2831 1166 2896 Africa.
1184 2833 1317 2897 Exilium

331 2935 525 3000 solummodo
541 2955 559 3000 a
573 2937 695 3002 Cerere
714 2957 825 3020 passus
846 2945 892 3001 est
907 2939 1025 3010 Gallus,
1050 2939 1177 3001 Cassius
1193 2945 1319 3012 autem,

331 3043 384 3124 qui
397 3043 460 3126 iam
476 3049 612 3125 quastor
627 3041 770 3106 Crassum
785 3043 817 3105 in
841 3041 971 3106 Parthas
988 3049 1112 3106 secutus
1129 3043 1241 3116 iuerat,
1258 3043 1315 3123 Sy·

332 3149 473 3231 rimnque
492 3147 727 3212 administrarat
748 3147 876 3212 absente
899 3149 1030 3224 bibulo,
1056 3167 1090 3212 se
1111 3157 1179 3231 post
1196 3147 1315 3212 cladem

332 3255 540 3338 pharsalieam
551 3273 621 3319 oum
637 3253 736 3318 classe
751 3253 802 3318 cui
818 3261 962 3336 preerat,
974 3253 1087 3319 Caesari
1101 3253 1197 3326 dedit,
1212 3252 1317 3335 pristi-

331 3375 466 3439 namque
482 3359 677 3440 recuperavit
689 3359 915 3424 auctoritatem.

372 3465 453 3528 licta
470 3465 597 3530 victoris
615 3465 790 3530 clementia.
807 3467 908 3530 Pansa
922 3473 952 3530 et
971 3467 1135 3530 Trebatius
1151 3465 1315 3548 perhuma-

332 3569 413 3631 niter
428 3587 483 3633 sna
499 3572 680 3635 auctoritate
695 3573 741 3634 usi
758 3581 842 3648 sunt,
857 3581 887 3636 et
900 3573 1037 3637 omnium
1053 3575 1083 3636 in
1099 3591 1132 3636 se
1148 3579 1317 3638 converte-

367 3734 375 3771 ¹
392 3735 430 3787 nd
443 3739 510 3789 Fam.
526 3753 570 3797 xv,
588 3743 625 3789 16.

365 3827 429 3880 2Ad
442 3831 511 3880 ram.
528 3843 574 3892 vn,
594 3843 636 3892 ep.
651 3835 674 3891 5,
695 3834 734 3882 ld.

365 3917 426 3971 ³rd
440 3925 492 3972 litt.
507 3937 553 3982 ιιι,
570 3937 611 3985 ep.
628 3927 667 3975 tt.

366 4009 375 4046 ⁴
390 4011 427 4063 bd
442 4017 492 4064 Αιι.
511 4027 542 4074 ιν,
556 4028 596 4076 ep.
610 4018 634 4064 3.
