3324 5142
758 403 916 468 ..36-

345 537 482 618 istosqui
492 536 692 598 dominantur
703 535 852 596 coenitare
861 541 891 598 et
899 533 1039 596 conciliis
1050 550 1156 600 eorum
1166 537 1324 598 interesse.

345 643 438 718 Quod
454 659 508 704 cur
528 641 616 718 nolit,
639 640 714 703 nihil
731 640 828 704 videt.
847 641 916 703 Non
939 640 1020 702 enim
1035 648 1082 702 est
1095 641 1176 703 idem
1190 641 1284 716 ferre,
1303 645 1329 705 si

346 745 422 826 quid
435 746 608 820 ferendum,
617 747 788 827 etprobare
799 745 906 826 siquid
915 745 1111 827 probandum
1125 765 1186 808 non
1197 753 1255 810 est.
1265 749 1330 811 Etsi

344 852 494 933 -quidnon
512 851 736 934 probet‘tQuid
748 852 830 914 enim
839 853 901 932 jam
913 852 1096 933 ecitproeter
1106 851 1193 914 initia
1204 853 1330 914 rerum?

347 957 434 1018 Vidit
442 957 646 1038 Pompeianos
655 974 768 1038 cupere
777 955 909 1026 bellum:
921 955 1072 1019 Caesarem
1082 964 1183 1018 autem
1195 975 1258 1019 non
1267 964 1329 1018 tam

290 1097 292 1100 ·
346 1081 461 1145 cupere
476 1081 568 1143 quam
586 1063 707 1125 timere.

387 1167 470 1242 Quid
483 1167 575 1229 133131
584 1169 599 1228 1
609 1167 754 1248 Temperi
767 1166 964 1228 serviendum
977 1169 1056 1228 est¹.
1068 1167 1176 1247 Neque
1188 1173 1248 1228 tam
1260 1185 1329 1230 eum

348 1281 497 1336 resisteret
513 1271 703 1346 consolatur,
721 1277 754 1333 ut
769 1279 871 1346 antea,
890 1291 983 1352 quam
998 1277 1146 1358 ἀδιαφορία,
1163 1292 1225 1354 qua
1247 1274 1331 1336 nulla

347 1379 378 1440 in
394 1398 429 1441 re
444 1385 506 1441 tam
520 1379 628 1448 utitur,
645 1393 737 1458 quam
757 1377 788 1437 in
807 1377 865 1438 hae
881 1376 962 1438 civili
983 1386 1014 1440 et
1037 1378 1176 1459 publica.
1197 1379 1330 1440 Patriam

347 1483 443 1546 eluxit
462 1485 525 1565 Jam
546 1483 671 1562 gravius
693 1488 724 1544 et
745 1482 861 1544 diutius
886 1501 979 1563 quarn
998 1484 1061 1546 ulla
1086 1491 1183 1546 mater
1207 1484 1330 1546 unicum

347 1589 444 1651 lilium
454 1589 476 1648 ².
495 1588 566 1651 Non
584 1588 647 1668 jam
665 1587 800 1667 effugere
815 1587 929 1650 fatetur
945 1589 1164 1652 nonnullorum
1176 1597 1265 1652 acute
1280 1595 1333 1652 aut

347 1695 446 1757 133313
460 1694 613 1756 dictorum
628 1692 852 1764 offensionem:
874 1694 1016 1757 incidunt
1034 1695 1066 1756 in
1088 1713 1231 1758 sermone
1246 1695 1331 1757 vario

348 1800 443 1862 multa
464 1817 534 1881 quae
550 1798 665 1862 Caesari
680 1800 752 1880 ipsi,
770 1800 823 1878 qui
838 1799 931 1862 habet
947 1817 1076 1880 peracre
1090 1799 1253 1882 judicium,
1275 1819 1333 1863 nec

349 1904 519 1977 illitterata,
532 1920 589 1966 nec
599 1901 717 1965 insulsa
733 1921 801 1966 esse
812 1904 989 1966 videantur.
1005 1907 1077 1967 {lies
1091 1923 1161 1968 cum
1172 1905 1333 1985 Epicureis

349 2011 437 2085 terit3
454 2011 521 2092 ejus
544 2009 606 2070 vita
629 2009 854 2090 Epicureorum
877 2009 939 2072 vita
961 2015 1027 2084 est3
1052 2011 1119 2091 ejus
1134 2009 1214 2070 sicut
1234 2009 1333 2072 Cassii

348 2115 544 2198 philosophia
560 2114 591 2176 in
608 2113 711 2176 eulina
724 2120 782 2184 est,
799 2119 829 2174 et
841 2131 910 2175 mox
926 2132 995 2175 cum
1011 2113 1087 2194 ipsis
1101 2121 1224 2196 13113333
1233 2115 1333 2179 33313-

348 2221 466 2284 mabit!
481 2221 589 2284 Plures
602 2221 666 2299 jam
680 2234 818 2300 pavones
835 2217 969 2279 coniecit
984 2237 1077 2299 quam
1091 2219 1143 2282 alii
1158 2220 1261 2301 pullos
1275 2239 1334 2282 co-

348 2325 519 2388 lumbinos.
532 2323 631 2398 Quam
647 2328 796 2384 mutatum
807 2320 959 2383 Tulliuml
975 2341 1037 2385 non
1050 2323 1076 2385 is
1087 2342 1178 2404 quem
1193 2324 1334 2387 solebant

348 2429 539 2513 promulside
551 2427 717 2490 conticere.

390 2557 407 2596 u
423 2527 579 2614 lntegram
592 2531 702 2595 famem
715 2531 754 2594 ad
770 2550 861 2594 urum
875 2531 982 2595 affero.
996 2534 1104 2614 ltaque
1117 2551 1216 2615 usque
1226 2533 1272 2596 ad
1284 2551 1334 2595 33-

350 2660 368 2699 3
384 2658 452 2702 sum
472 2638 634 2700 vitulinum
651 2656 745 2720 opera
769 2639 957 2720 perducitur.
983 2638 1038 2701 llla
1055 2659 1135 2713 mea,
1151 2659 1225 2722 quie
1248 2641 1334 2703 sole-

347 2767 365 2805 3
383 2747 441 2809 1133
457 2751 549 2808 33133
563 2744 704 2818 laudare,
720 2745 904 2808 chominem
919 2745 1057 2809 facileml
1071 2765 1090 2809 ο
1104 2747 1257 2830 hospitem
1271 2767 1333 2810 non

349 2874 365 2910 3
384 2850 529 2931 graveml
547 2850 704 2911 abierunt.
724 2850 802 2912 Nam
816 2869 939 2914 omnem
960 2859 1096 2914 nostram
1116 2853 1155 2915 de
1171 2853 1335 2936 republica

348 2976 366 3014 3
383 2973 500 3028 curam,
529 2955 747 3034 cogitationem
770 2955 810 3018 de
830 2956 965 3019 dicenda
982 2957 1014 3019 in
1034 2965 1142 3020 senatu
1168 2959 1333 3032 sententia,

347 3081 364 3120 3
383 3059 672 3138 commentationem
693 3077 871 3134 causarum,
889 3061 1072 3142 abjecimus.
1089 3063 1125 3124 lu
1140 3064 1265 3146 Epicuri
1278 3081 1334 3125 uos

350 3189 366 3227 3
383 3166 553 3230 adversarii
581 3165 679 3228 nostri
703 3171 805 3229 333133
834 3165 1024 3246 conjecimus
1053 3190 1060 3227 :
1086 3187 1143 3230 nec
1169 3177 1272 3230 tamen
1294 3168 1334 3230 ad

348 3293 365 3331 3
381 3272 464 3334 hanc
479 3269 688 3344 insolentiam,
703 3268 758 3332 sed
769 3269 810 3331 ad
824 3270 908 3332 illam
926 3278 1007 3333 tuam
1023 3271 1185 3334 lautitiam.
1200 3273 1335 3336 Proinde

347 3398 365 3437 3
383 3385 504 3460 tepere
522 3395 530 3436 r
546 3393 616 3439 cum
635 3375 762 3438 homine
781 3381 811 3437 et
834 3375 923 3438 edaci
938 3376 994 3438 tibi
1012 3384 1136 3450 333331,
1156 3384 1186 3440 et
1206 3378 1260 3458 qui
1271 3381 1335 3460 jam

349 3482 502 3565 »aliquid
524 3481 688 3564 intelligat.
701 3479 846 3566 ὀψιμαθεῖς
867 3489 973 3545 autem
997 3483 1137 3547 homiues
1161 3483 1221 3546 scis
1242 3495 1335 3568 quam

349 3611 367 3648 3
381 3588 551 3652 insolentes
566 3589 641 3650 sint.
657 3589 859 3653 Dediseendre
871 3587 926 3650 tibi
938 3595 1011 3650 sunt
1023 3585 1176 3670 sportellae
1188 3595 1218 3649 et
1232 3577 1336 3658 310-
1352 3565 1483 3650 ss·

383 3769 391 3804 ¹
409 3769 594 3826 1333333,
610 3773 634 3818 9.

382 3859 445 3910 ²dd
460 3863 529 3910 ram.
546 3874 581 3918 rx,
594 3863 637 3908 20.

379 3951 394 3988 ³
408 3952 445 4001 nd
459 3955 530 4002 Fam.
543 3967 578 4008 rr,
592 3954 634 4000 20.
