<?xml version="1.0" encoding="UTF-8"?>
<!DOCTYPE html PUBLIC "-//W3C//DTD XHTML 1.0 Transitional//EN"
    "http://www.w3.org/TR/xhtml1/DTD/xhtml1-transitional.dtd">
<html xmlns="http://www.w3.org/1999/xhtml" xml:lang="en" lang="en">
 <head>
  <title>
</title>
<meta http-equiv="Content-Type" content="text/html;charset=utf-8" />
  <meta name='ocr-system' content='tesseract 3.04.00' />
  <meta name='ocr-capabilities' content='ocr_page ocr_carea ocr_par ocr_line ocrx_word'/>
</head>
<body>
  <div class='ocr_page' id='page_1' title='image "./dephaedroepicur00ollegoog_0022.png"; bbox 0 0 3324 5142; ppageno 0'>
   <div class='ocr_carea' id='block_1_1' title="bbox 735 383 891 444">
    <p class='ocr_par' dir='ltr' id='par_1_1' title="bbox 735 383 891 444">
     <span class='ocr_line' id='line_1_1' title="bbox 735 383 891 444; baseline 0.013 -18"><span class='ocrx_word' id='word_1_1' title='bbox 735 383 891 444; x_wconf 68' lang='lat'>...15-</span> 
     </span>
    </p>
   </div>
   <div class='ocr_carea' id='block_1_2' title="bbox 313 509 1305 3536">
    <p class='ocr_par' dir='ltr' id='par_1_2' title="bbox 313 509 1305 3536">
     <span class='ocr_line' id='line_1_2' title="bbox 322 509 1305 593; baseline 0.004 -19"><span class='ocrx_word' id='word_1_2' title='bbox 322 518 445 593; x_wconf 89' lang='lat' dir='ltr'><strong>reperta</strong></span> <span class='ocrx_word' id='word_1_3' title='bbox 463 517 533 573; x_wconf 90' lang='lat' dir='ltr'><strong>sunt</strong></span> <span class='ocrx_word' id='word_1_4' title='bbox 547 509 737 590; x_wconf 77' lang='lat' dir='ltr'><strong>fragmenta,</strong></span> <span class='ocrx_word' id='word_1_5' title='bbox 754 513 857 593; x_wconf 80' lang='lat' dir='ltr'><strong>legere</strong></span> <span class='ocrx_word' id='word_1_6' title='bbox 878 513 1021 576; x_wconf 89' lang='lat' dir='ltr'><strong>voluerit.</strong></span> <span class='ocrx_word' id='word_1_7' title='bbox 1037 513 1165 576; x_wconf 90' lang='lat' dir='ltr'><strong>Cuinam</strong></span> <span class='ocrx_word' id='word_1_8' title='bbox 1186 518 1305 578; x_wconf 73' lang='lat' dir='ltr'><strong>erectori</strong></span> 
     </span>
     <span class='ocr_line' id='line_1_3' title="bbox 322 617 1305 700; baseline 0.003 -20"><span class='ocrx_word' id='word_1_9' title='bbox 322 617 574 680; x_wconf 78' lang='lat' dir='ltr'><strong>adscriberentur</strong></span> <span class='ocrx_word' id='word_1_10' title='bbox 584 617 735 680; x_wconf 89' lang='lat' dir='ltr'><strong>incertum</strong></span> <span class='ocrx_word' id='word_1_11' title='bbox 747 625 825 693; x_wconf 90' lang='lat' dir='ltr'><strong>erat,</strong></span> <span class='ocrx_word' id='word_1_12' title='bbox 840 620 984 700; x_wconf 90' lang='lat' dir='ltr'><strong>probavit</strong></span> <span class='ocrx_word' id='word_1_13' title='bbox 998 627 1100 682; x_wconf 88' lang='lat' dir='ltr'><strong>autem</strong></span> <span class='ocrx_word' id='word_1_14' title='bbox 1114 620 1305 684; x_wconf 78' lang='lat' dir='ltr'><strong>Christianus</strong></span> 
     </span>
     <span class='ocr_line' id='line_1_4' title="bbox 322 721 1305 804; baseline 0.001 -18"><span class='ocrx_word' id='word_1_15' title='bbox 322 726 478 798; x_wconf 75' lang='lat' dir='ltr'><strong>Peterson,</strong></span> <span class='ocrx_word' id='word_1_16' title='bbox 494 723 563 785; x_wconf 88' lang='lat' dir='ltr'><strong>haec</strong></span> <span class='ocrx_word' id='word_1_17' title='bbox 578 721 701 786; x_wconf 77' lang='lat' dir='ltr'><strong>Phaedri</strong></span> <span class='ocrx_word' id='word_1_18' title='bbox 717 724 854 803; x_wconf 83' lang='lat' dir='ltr'><strong>epicurei</strong></span> <span class='ocrx_word' id='word_1_19' title='bbox 867 741 946 804; x_wconf 90' lang='lat' dir='ltr'><strong>opus</strong></span> <span class='ocrx_word' id='word_1_20' title='bbox 962 721 1057 786; x_wconf 79' lang='lat' dir='ltr'><strong>luisse</strong></span> <span class='ocrx_word' id='word_1_21' title='bbox 1070 726 1088 784; x_wconf 86' lang='lat'><strong>¹.</strong></span> <span class='ocrx_word' id='word_1_22' title='bbox 1106 723 1208 798; x_wconf 85' lang='lat' dir='ltr'><strong>Quum</strong></span> <span class='ocrx_word' id='word_1_23' title='bbox 1223 727 1305 788; x_wconf 91' lang='lat' dir='ltr'><strong>enim</strong></span> 
     </span>
     <span class='ocr_line' id='line_1_5' title="bbox 321 828 1303 912; baseline 0.002 -21"><span class='ocrx_word' id='word_1_24' title='bbox 321 830 453 912; x_wconf 90' lang='lat' dir='ltr'><strong>plurima</strong></span> <span class='ocrx_word' id='word_1_25' title='bbox 474 829 514 892; x_wconf 96' lang='lat' dir='ltr'><strong>de</strong></span> <span class='ocrx_word' id='word_1_26' title='bbox 529 828 652 891; x_wconf 80' lang='lat' dir='ltr'><strong>Phsedri</strong></span> <span class='ocrx_word' id='word_1_27' title='bbox 669 829 854 891; x_wconf 91' lang='lat' dir='ltr'><strong>auctoritate</strong></span> <span class='ocrx_word' id='word_1_28' title='bbox 868 830 997 903; x_wconf 85' lang='lat' dir='ltr'><strong>dixerit,</strong></span> <span class='ocrx_word' id='word_1_29' title='bbox 1014 829 1102 892; x_wconf 83' lang='lat' dir='ltr'><strong>addit</strong></span> <span class='ocrx_word' id='word_1_30' title='bbox 1119 851 1126 889; x_wconf 77' lang='grc' dir='ltr'><strong><em>ε</em></strong></span> <span class='ocrx_word' id='word_1_31' title='bbox 1146 832 1219 892; x_wconf 74' lang='lat' dir='ltr'><strong>«Ex</strong></span> <span class='ocrx_word' id='word_1_32' title='bbox 1235 832 1303 912; x_wconf 90' lang='lat' dir='ltr'><strong>epi-</strong></span> 
     </span>
     <span class='ocr_line' id='line_1_6' title="bbox 323 933 1305 1016; baseline 0.002 -22"><span class='ocrx_word' id='word_1_33' title='bbox 323 957 340 994; x_wconf 88' lang='lat'>»</span> <span class='ocrx_word' id='word_1_34' title='bbox 355 935 442 998; x_wconf 88' lang='lat' dir='ltr'><strong>stolis</strong></span> <span class='ocrx_word' id='word_1_35' title='bbox 457 935 615 998; x_wconf 83' lang='lat' dir='ltr'><strong>Ciceronis</strong></span> <span class='ocrx_word' id='word_1_36' title='bbox 631 936 759 1014; x_wconf 82' lang='lat' dir='ltr'><strong>ejusque</strong></span> <span class='ocrx_word' id='word_1_37' title='bbox 771 935 812 997; x_wconf 87' lang='lat' dir='ltr'><strong>ad</strong></span> <span class='ocrx_word' id='word_1_38' title='bbox 827 933 949 1014; x_wconf 76' lang='lat' dir='ltr'><strong>singula</strong></span> <span class='ocrx_word' id='word_1_39' title='bbox 961 952 1057 1015; x_wconf 90' lang='lat' dir='ltr'><strong>opera</strong></span> <span class='ocrx_word' id='word_1_40' title='bbox 1073 934 1233 1016; x_wconf 73' lang='lat' dir='ltr'><strong>prooemiis</strong></span> <span class='ocrx_word' id='word_1_41' title='bbox 1247 937 1305 997; x_wconf 91' lang='lat' dir='ltr'><strong>viri</strong></span> 
     </span>
     <span class='ocr_line' id='line_1_7' title="bbox 323 1035 1304 1119; baseline 0.004 -23"><span class='ocrx_word' id='word_1_42' title='bbox 323 1039 438 1102; x_wconf 88' lang='lat' dir='ltr'><strong>»docti</strong></span> <span class='ocrx_word' id='word_1_43' title='bbox 454 1044 613 1110; x_wconf 89' lang='lat' dir='ltr'><strong>eruerunt,</strong></span> <span class='ocrx_word' id='word_1_44' title='bbox 637 1038 787 1119; x_wconf 91' lang='lat' dir='ltr'><strong>plurimos</strong></span> <span class='ocrx_word' id='word_1_45' title='bbox 811 1038 850 1100; x_wconf 89' lang='lat' dir='ltr'><strong>de</strong></span> <span class='ocrx_word' id='word_1_46' title='bbox 869 1035 1067 1119; x_wconf 90' lang='lat' dir='ltr'><strong>philosophia</strong></span> <span class='ocrx_word' id='word_1_47' title='bbox 1090 1035 1186 1098; x_wconf 92' lang='lat' dir='ltr'><strong>libros</strong></span> <span class='ocrx_word' id='word_1_48' title='bbox 1211 1038 1304 1100; x_wconf 88' lang='lat' dir='ltr'><strong>abeo</strong></span> 
     </span>
     <span class='ocr_line' id='line_1_8' title="bbox 321 1141 1304 1224; baseline 0.003 -22"><span class='ocrx_word' id='word_1_49' title='bbox 321 1164 338 1202; x_wconf 92' lang='lat'>»</span> <span class='ocrx_word' id='word_1_50' title='bbox 355 1145 488 1224; x_wconf 89' lang='lat' dir='ltr'><strong>scriptos</strong></span> <span class='ocrx_word' id='word_1_51' title='bbox 504 1161 571 1206; x_wconf 90' lang='lat' dir='ltr'><strong>esse</strong></span> <span class='ocrx_word' id='word_1_52' title='bbox 590 1147 629 1204; x_wconf 88' lang='lat' dir='ltr'><strong>A.</strong></span> <span class='ocrx_word' id='word_1_53' title='bbox 643 1144 680 1206; x_wconf 91' lang='lat' dir='ltr'><strong>U.</strong></span> <span class='ocrx_word' id='word_1_54' title='bbox 694 1143 755 1205; x_wconf 81' lang='lat'><strong>708</strong></span> <span class='ocrx_word' id='word_1_55' title='bbox 769 1151 799 1205; x_wconf 89' lang='lat' dir='ltr'><strong>et</strong></span> <span class='ocrx_word' id='word_1_56' title='bbox 812 1143 883 1216; x_wconf 81' lang='lat'><strong>709,</strong></span> <span class='ocrx_word' id='word_1_57' title='bbox 897 1160 992 1222; x_wconf 86' lang='lat' dir='ltr'><strong>quum</strong></span> <span class='ocrx_word' id='word_1_58' title='bbox 1009 1141 1112 1203; x_wconf 89' lang='lat' dir='ltr'><strong>Caesar</strong></span> <span class='ocrx_word' id='word_1_59' title='bbox 1125 1142 1218 1204; x_wconf 91' lang='lat' dir='ltr'><strong>rebus</strong></span> <span class='ocrx_word' id='word_1_60' title='bbox 1238 1143 1304 1205; x_wconf 86' lang='lat' dir='ltr'><strong>Ro-</strong></span> 
     </span>
     <span class='ocr_line' id='line_1_9' title="bbox 322 1245 1305 1327; baseline 0.004 -23"><span class='ocrx_word' id='word_1_61' title='bbox 322 1269 339 1304; x_wconf 97' lang='lat'>»</span> <span class='ocrx_word' id='word_1_62' title='bbox 355 1247 455 1308; x_wconf 87' lang='lat' dir='ltr'><strong>manis</strong></span> <span class='ocrx_word' id='word_1_63' title='bbox 468 1253 623 1327; x_wconf 85' lang='lat' dir='ltr'><strong>praeesset.</strong></span> <span class='ocrx_word' id='word_1_64' title='bbox 647 1247 752 1309; x_wconf 84' lang='lat' dir='ltr'><strong>Altera</strong></span> <span class='ocrx_word' id='word_1_65' title='bbox 768 1245 1017 1308; x_wconf 84' lang='lat' dir='ltr'><strong>academicorum</strong></span> <span class='ocrx_word' id='word_1_66' title='bbox 1036 1245 1220 1308; x_wconf 85' lang='lat' dir='ltr'><strong>recensione</strong></span> <span class='ocrx_word' id='word_1_67' title='bbox 1234 1265 1305 1309; x_wconf 86' lang='lat' dir='ltr'><strong>me-</strong></span> 
     </span>
     <span class='ocr_line' id='line_1_10' title="bbox 321 1350 1303 1424; baseline 0.005 -14"><span class='ocrx_word' id='word_1_68' title='bbox 321 1375 338 1410; x_wconf 97' lang='lat'>»</span> <span class='ocrx_word' id='word_1_69' title='bbox 355 1353 407 1414; x_wconf 93' lang='lat' dir='ltr'><strong>dio</strong></span> <span class='ocrx_word' id='word_1_70' title='bbox 422 1371 506 1414; x_wconf 87' lang='lat' dir='ltr'><strong>anno</strong></span> <span class='ocrx_word' id='word_1_71' title='bbox 524 1352 584 1414; x_wconf 81' lang='lat'><strong>708</strong></span> <span class='ocrx_word' id='word_1_72' title='bbox 598 1352 753 1424; x_wconf 87' lang='lat' dir='ltr'><strong>absoluta,</strong></span> <span class='ocrx_word' id='word_1_73' title='bbox 771 1353 810 1413; x_wconf 89' lang='lat' dir='ltr'><strong>ad</strong></span> <span class='ocrx_word' id='word_1_74' title='bbox 828 1351 925 1412; x_wconf 89' lang='lat' dir='ltr'><strong>libros</strong></span> <span class='ocrx_word' id='word_1_75' title='bbox 946 1350 986 1412; x_wconf 92' lang='lat' dir='ltr'><strong>de</strong></span> <span class='ocrx_word' id='word_1_76' title='bbox 1009 1350 1136 1412; x_wconf 83' lang='lat' dir='ltr'><strong>Finibus</strong></span> <span class='ocrx_word' id='word_1_77' title='bbox 1152 1351 1303 1414; x_wconf 91' lang='lat' dir='ltr'><strong>bonorum</strong></span> 
     </span>
     <span class='ocr_line' id='line_1_11' title="bbox 322 1455 1305 1538; baseline 0.007 -25"><span class='ocrx_word' id='word_1_78' title='bbox 322 1479 338 1514; x_wconf 94' lang='lat'>»</span> <span class='ocrx_word' id='word_1_79' title='bbox 354 1455 550 1518; x_wconf 86' lang='lat' dir='ltr'><strong>etmalorum</strong></span> <span class='ocrx_word' id='word_1_80' title='bbox 566 1456 797 1538; x_wconf 90' lang='lat' dir='ltr'><strong>componendos</strong></span> <span class='ocrx_word' id='word_1_81' title='bbox 814 1474 847 1518; x_wconf 90' lang='lat' dir='ltr'><strong>se</strong></span> <span class='ocrx_word' id='word_1_82' title='bbox 858 1455 1021 1525; x_wconf 87' lang='lat' dir='ltr'><strong>convertit,</strong></span> <span class='ocrx_word' id='word_1_83' title='bbox 1040 1455 1113 1517; x_wconf 90' lang='lat' dir='ltr'><strong>inde</strong></span> <span class='ocrx_word' id='word_1_84' title='bbox 1134 1457 1174 1517; x_wconf 89' lang='lat' dir='ltr'><strong>ad</strong></span> <span class='ocrx_word' id='word_1_85' title='bbox 1190 1456 1305 1531; x_wconf 79' lang='lat' dir='ltr'><strong>Ques-</strong></span> 
     </span>
     <span class='ocr_line' id='line_1_12' title="bbox 320 1561 1303 1644; baseline 0.008 -24"><span class='ocrx_word' id='word_1_86' title='bbox 320 1585 336 1621; x_wconf 93' lang='lat'>»</span> <span class='ocrx_word' id='word_1_87' title='bbox 354 1564 452 1624; x_wconf 90' lang='lat' dir='ltr'><strong>tiones</strong></span> <span class='ocrx_word' id='word_1_88' title='bbox 467 1563 667 1638; x_wconf 86' lang='lat' dir='ltr'><strong>Tusculanas,</strong></span> <span class='ocrx_word' id='word_1_89' title='bbox 687 1563 801 1644; x_wconf 89' lang='lat' dir='ltr'><strong>quibus</strong></span> <span class='ocrx_word' id='word_1_90' title='bbox 817 1561 980 1644; x_wconf 81' lang='lat' dir='ltr'><strong>perlectis,</strong></span> <span class='ocrx_word' id='word_1_91' title='bbox 1005 1562 1102 1624; x_wconf 90' lang='lat' dir='ltr'><strong>libros</strong></span> <span class='ocrx_word' id='word_1_92' title='bbox 1125 1565 1169 1625; x_wconf 89' lang='lat' dir='ltr'><strong>De</strong></span> <span class='ocrx_word' id='word_1_93' title='bbox 1187 1565 1303 1628; x_wconf 91' lang='lat' dir='ltr'><strong>Natura</strong></span> 
     </span>
     <span class='ocr_line' id='line_1_13' title="bbox 321 1667 1303 1748; baseline 0.007 -24"><span class='ocrx_word' id='word_1_94' title='bbox 321 1688 337 1724; x_wconf 93' lang='lat'>»</span> <span class='ocrx_word' id='word_1_95' title='bbox 354 1669 486 1730; x_wconf 88' lang='lat' dir='ltr'><strong>Deorum</strong></span> <span class='ocrx_word' id='word_1_96' title='bbox 511 1675 541 1730; x_wconf 88' lang='lat' dir='ltr'><strong>et</strong></span> <span class='ocrx_word' id='word_1_97' title='bbox 557 1669 600 1728; x_wconf 90' lang='lat' dir='ltr'><strong>De</strong></span> <span class='ocrx_word' id='word_1_98' title='bbox 614 1667 809 1729; x_wconf 88' lang='lat' dir='ltr'><strong>Divinatione</strong></span> <span class='ocrx_word' id='word_1_99' title='bbox 825 1667 1021 1748; x_wconf 87' lang='lat' dir='ltr'><strong>conscripsit,</strong></span> <span class='ocrx_word' id='word_1_100' title='bbox 1040 1676 1070 1728; x_wconf 91' lang='lat' dir='ltr'><strong>et</strong></span> <span class='ocrx_word' id='word_1_101' title='bbox 1085 1676 1156 1729; x_wconf 89' lang='lat' dir='ltr'><strong>ante</strong></span> <span class='ocrx_word' id='word_1_102' title='bbox 1172 1668 1303 1732; x_wconf 86' lang='lat' dir='ltr'><strong>Caesaris</strong></span> 
     </span>
     <span class='ocr_line' id='line_1_14' title="bbox 321 1772 1303 1857; baseline 0.009 -27"><span class='ocrx_word' id='word_1_103' title='bbox 321 1795 337 1831; x_wconf 94' lang='lat'>»</span> <span class='ocrx_word' id='word_1_104' title='bbox 351 1781 480 1836; x_wconf 88' lang='lat' dir='ltr'><strong>mortem</strong></span> <span class='ocrx_word' id='word_1_105' title='bbox 496 1773 655 1838; x_wconf 83' lang='lat' dir='ltr'><strong>obsolevit.</strong></span> <span class='ocrx_word' id='word_1_106' title='bbox 674 1776 714 1834; x_wconf 82' lang='lat' dir='ltr'><strong>nt</strong></span> <span class='ocrx_word' id='word_1_107' title='bbox 725 1791 788 1853; x_wconf 92' lang='lat' dir='ltr'><strong>qno</strong></span> <span class='ocrx_word' id='word_1_108' title='bbox 801 1773 930 1834; x_wconf 89' lang='lat' dir='ltr'><strong>consilio</strong></span> <span class='ocrx_word' id='word_1_109' title='bbox 942 1772 1011 1834; x_wconf 84' lang='lat' dir='ltr'><strong>haec</strong></span> <span class='ocrx_word' id='word_1_110' title='bbox 1023 1773 1172 1854; x_wconf 82' lang='lat' dir='ltr'><strong>disputo?</strong></span> <span class='ocrx_word' id='word_1_111' title='bbox 1186 1775 1303 1857; x_wconf 87' lang='lat' dir='ltr'><strong>Nempe</strong></span> 
     </span>
     <span class='ocr_line' id='line_1_15' title="bbox 320 1877 1303 1963; baseline 0.004 -25"><span class='ocrx_word' id='word_1_112' title='bbox 320 1901 336 1938; x_wconf 95' lang='lat'>»</span> <span class='ocrx_word' id='word_1_113' title='bbox 353 1888 387 1940; x_wconf 88' lang='lat' dir='ltr'><strong>ut</strong></span> <span class='ocrx_word' id='word_1_114' title='bbox 410 1879 640 1950; x_wconf 87' lang='lat' dir='ltr'><strong>demonstrem,</strong></span> <span class='ocrx_word' id='word_1_115' title='bbox 667 1897 703 1940; x_wconf 85' lang='lat' dir='ltr'><strong>er</strong></span> <span class='ocrx_word' id='word_1_116' title='bbox 730 1877 868 1959; x_wconf 90' lang='lat' dir='ltr'><strong>epistolis</strong></span> <span class='ocrx_word' id='word_1_117' title='bbox 887 1877 996 1938; x_wconf 92' lang='lat' dir='ltr'><strong>eodem</strong></span> <span class='ocrx_word' id='word_1_118' title='bbox 1021 1885 1160 1960; x_wconf 91' lang='lat' dir='ltr'><strong>tempore</strong></span> <span class='ocrx_word' id='word_1_119' title='bbox 1180 1881 1303 1963; x_wconf 85' lang='lat' dir='ltr'><strong>scriptis</strong></span> 
     </span>
     <span class='ocr_line' id='line_1_16' title="bbox 319 1981 1303 2065; baseline 0.007 -25"><span class='ocrx_word' id='word_1_120' title='bbox 319 2005 335 2041; x_wconf 94' lang='lat'>»</span> <span class='ocrx_word' id='word_1_121' title='bbox 352 1985 500 2064; x_wconf 76' lang='lat' dir='ltr'><strong>cognosci</strong></span> <span class='ocrx_word' id='word_1_122' title='bbox 511 2002 614 2065; x_wconf 90' lang='lat' dir='ltr'><strong>posse,</strong></span> <span class='ocrx_word' id='word_1_123' title='bbox 631 1983 744 2062; x_wconf 90' lang='lat' dir='ltr'><strong>quibus</strong></span> <span class='ocrx_word' id='word_1_124' title='bbox 760 1982 800 2044; x_wconf 93' lang='lat' dir='ltr'><strong>ad</strong></span> <span class='ocrx_word' id='word_1_125' title='bbox 814 1982 960 2063; x_wconf 88' lang='lat' dir='ltr'><strong>quodque</strong></span> <span class='ocrx_word' id='word_1_126' title='bbox 975 2001 1053 2063; x_wconf 90' lang='lat' dir='ltr'><strong>opus</strong></span> <span class='ocrx_word' id='word_1_127' title='bbox 1068 1981 1157 2046; x_wconf 89' lang='lat' dir='ltr'><strong>libris</strong></span> <span class='ocrx_word' id='word_1_128' title='bbox 1173 1986 1303 2060; x_wconf 84' lang='lat' dir='ltr'><strong>maxime</strong></span> 
     </span>
     <span class='ocr_line' id='line_1_17' title="bbox 320 2087 1299 2170; baseline 0.008 -26"><span class='ocrx_word' id='word_1_129' title='bbox 320 2110 336 2144; x_wconf 92' lang='lat'>»</span> <span class='ocrx_word' id='word_1_130' title='bbox 351 2108 425 2150; x_wconf 89' lang='lat' dir='ltr'><strong>usus</strong></span> <span class='ocrx_word' id='word_1_131' title='bbox 439 2089 485 2148; x_wconf 89' lang='lat' dir='ltr'><strong>sit.</strong></span> <span class='ocrx_word' id='word_1_132' title='bbox 504 2090 549 2150; x_wconf 93' lang='lat' dir='ltr'><strong>lta</strong></span> <span class='ocrx_word' id='word_1_133' title='bbox 562 2088 701 2150; x_wconf 89' lang='lat' dir='ltr'><strong>videmus</strong></span> <span class='ocrx_word' id='word_1_134' title='bbox 713 2087 884 2168; x_wconf 91' lang='lat' dir='ltr'><strong>posteriore</strong></span> <span class='ocrx_word' id='word_1_135' title='bbox 898 2090 938 2148; x_wconf 83' lang='lat' dir='ltr'><strong>A.</strong></span> <span class='ocrx_word' id='word_1_136' title='bbox 950 2088 1010 2150; x_wconf 84' lang='lat'><strong>708</strong></span> <span class='ocrx_word' id='word_1_137' title='bbox 1024 2095 1121 2168; x_wconf 89' lang='lat' dir='ltr'><strong>parte,</strong></span> <span class='ocrx_word' id='word_1_138' title='bbox 1144 2109 1207 2170; x_wconf 91' lang='lat' dir='ltr'><strong>quo</strong></span> <span class='ocrx_word' id='word_1_139' title='bbox 1222 2097 1299 2152; x_wconf 90' lang='lat' dir='ltr'><strong>tem-</strong></span> 
     </span>
     <span class='ocr_line' id='line_1_18' title="bbox 319 2192 1302 2275; baseline 0.002 -19"><span class='ocrx_word' id='word_1_140' title='bbox 319 2215 335 2248; x_wconf 80' lang='lat'>»</span> <span class='ocrx_word' id='word_1_141' title='bbox 351 2211 428 2274; x_wconf 90' lang='lat' dir='ltr'><strong>pore</strong></span> <span class='ocrx_word' id='word_1_142' title='bbox 442 2192 581 2275; x_wconf 84' lang='lat' dir='ltr'><strong>epistolae</strong></span> <span class='ocrx_word' id='word_1_143' title='bbox 594 2193 665 2254; x_wconf 91' lang='lat' dir='ltr'><strong>libri</strong></span> <span class='ocrx_word' id='word_1_144' title='bbox 680 2209 752 2254; x_wconf 83' lang='lat' dir='ltr'><strong>xm</strong></span> <span class='ocrx_word' id='word_1_145' title='bbox 768 2193 806 2252; x_wconf 91' lang='lat' dir='ltr'><strong>ad</strong></span> <span class='ocrx_word' id='word_1_146' title='bbox 823 2193 956 2255; x_wconf 84' lang='lat' dir='ltr'><strong>Atticum</strong></span> <span class='ocrx_word' id='word_1_147' title='bbox 974 2195 1099 2274; x_wconf 86' lang='lat' dir='ltr'><strong>scriptae</strong></span> <span class='ocrx_word' id='word_1_148' title='bbox 1117 2201 1199 2268; x_wconf 90' lang='lat' dir='ltr'><strong>sunt,</strong></span> <span class='ocrx_word' id='word_1_149' title='bbox 1216 2194 1302 2258; x_wconf 90' lang='lat' dir='ltr'><strong>Cice·</strong></span> 
     </span>
     <span class='ocr_line' id='line_1_19' title="bbox 318 2297 1302 2382; baseline 0.004 -28"><span class='ocrx_word' id='word_1_150' title='bbox 318 2319 333 2354; x_wconf 94' lang='lat'>»</span> <span class='ocrx_word' id='word_1_151' title='bbox 350 2315 457 2360; x_wconf 89' lang='lat' dir='ltr'><strong>ronem</strong></span> <span class='ocrx_word' id='word_1_152' title='bbox 473 2299 513 2360; x_wconf 88' lang='lat' dir='ltr'><strong>ab</strong></span> <span class='ocrx_word' id='word_1_153' title='bbox 530 2300 632 2361; x_wconf 79' lang='lat' dir='ltr'><strong>Attico</strong></span> <span class='ocrx_word' id='word_1_154' title='bbox 648 2317 705 2360; x_wconf 90' lang='lat' dir='ltr'><strong>suo</strong></span> <span class='ocrx_word' id='word_1_155' title='bbox 718 2317 769 2379; x_wconf 90' lang='lat' dir='ltr'><strong>ep.</strong></span> <span class='ocrx_word' id='word_1_156' title='bbox 786 2299 806 2358; x_wconf 91' lang='lat'>8</span> <span class='ocrx_word' id='word_1_157' title='bbox 824 2297 951 2379; x_wconf 89' lang='lat' dir='ltr'><strong>petiisse</strong></span> <span class='ocrx_word' id='word_1_158' title='bbox 969 2298 1098 2359; x_wconf 84' lang='lat' dir='ltr'><strong>Panaetii</strong></span> <span class='ocrx_word' id='word_1_159' title='bbox 1120 2297 1218 2360; x_wconf 91' lang='lat' dir='ltr'><strong>libros</strong></span> <span class='ocrx_word' id='word_1_160' title='bbox 1239 2309 1302 2382; x_wconf 73' lang='grc' dir='ltr'><strong>Περὶ</strong></span> 
     </span>
     <span class='ocr_line' id='line_1_20' title="bbox 317 2401 1299 2486; baseline 0.004 -24"><span class='ocrx_word' id='word_1_161' title='bbox 317 2426 333 2462; x_wconf 90' lang='grc'><strong>))</strong></span> <span class='ocrx_word' id='word_1_162' title='bbox 350 2413 482 2486; x_wconf 80' lang='grc' dir='ltr'><strong>προνοίας,</strong></span> <span class='ocrx_word' id='word_1_163' title='bbox 499 2422 579 2485; x_wconf 78' lang='lat' dir='ltr'><strong>quos</strong></span> <span class='ocrx_word' id='word_1_164' title='bbox 600 2405 646 2466; x_wconf 73' lang='lat' dir='ltr'><strong>De</strong></span> <span class='ocrx_word' id='word_1_165' title='bbox 667 2403 707 2463; x_wconf 82' lang='lat' dir='ltr'><strong>N.</strong></span> <span class='ocrx_word' id='word_1_166' title='bbox 730 2404 770 2463; x_wconf 86' lang='lat' dir='ltr'><strong>D.</strong></span> <span class='ocrx_word' id='word_1_167' title='bbox 790 2417 817 2463; x_wconf 93' lang='lat' dir='ltr'><strong>ll</strong></span> <span class='ocrx_word' id='word_1_168' title='bbox 842 2401 880 2462; x_wconf 72' lang='lat' dir='ltr'><strong>ltss</strong></span> <span class='ocrx_word' id='word_1_169' title='bbox 895 2409 926 2464; x_wconf 76' lang='lat' dir='ltr'><strong>et</strong></span> <span class='ocrx_word' id='word_1_170' title='bbox 943 2403 989 2463; x_wconf 78' lang='lat' dir='ltr'><strong>De</strong></span> <span class='ocrx_word' id='word_1_171' title='bbox 1012 2403 1080 2464; x_wconf 90' lang='lat' dir='ltr'><strong>Div.</strong></span> <span class='ocrx_word' id='word_1_172' title='bbox 1100 2403 1130 2474; x_wconf 86' lang='lat'><strong>1,</strong></span> <span class='ocrx_word' id='word_1_173' title='bbox 1152 2403 1183 2476; x_wconf 85' lang='lat'><strong>3,</strong></span> <span class='ocrx_word' id='word_1_174' title='bbox 1206 2406 1237 2476; x_wconf 83' lang='lat'><strong>7,</strong></span> <span class='ocrx_word' id='word_1_175' title='bbox 1258 2421 1299 2476; x_wconf 88' lang='lat'><strong>11,</strong></span> 
     </span>
     <span class='ocr_line' id='line_1_21' title="bbox 316 2507 1300 2592; baseline 0.002 -24"><span class='ocrx_word' id='word_1_176' title='bbox 316 2509 390 2570; x_wconf 78' lang='lat' dir='ltr'><strong>»er</strong></span> <span class='ocrx_word' id='word_1_177' title='bbox 406 2509 563 2572; x_wconf 88' lang='lat' dir='ltr'><strong>adhibitos</strong></span> <span class='ocrx_word' id='word_1_178' title='bbox 583 2507 769 2580; x_wconf 81' lang='lat' dir='ltr'><strong>invenimus,</strong></span> <span class='ocrx_word' id='word_1_179' title='bbox 789 2526 837 2588; x_wconf 90' lang='lat' dir='ltr'><strong>ep.</strong></span> <span class='ocrx_word' id='word_1_180' title='bbox 861 2507 901 2569; x_wconf 69' lang='lat'><strong>32</strong></span> <span class='ocrx_word' id='word_1_181' title='bbox 918 2507 1090 2569; x_wconf 84' lang='lat' dir='ltr'><strong>Dioaearohi</strong></span> <span class='ocrx_word' id='word_1_182' title='bbox 1109 2508 1207 2570; x_wconf 89' lang='lat' dir='ltr'><strong>libros</strong></span> <span class='ocrx_word' id='word_1_183' title='bbox 1231 2509 1300 2592; x_wconf 91' lang='lat' dir='ltr'><strong>pln-</strong></span> 
     </span>
     <span class='ocr_line' id='line_1_22' title="bbox 315 2612 1300 2695; baseline 0.002 -21"><span class='ocrx_word' id='word_1_184' title='bbox 315 2637 332 2674; x_wconf 97' lang='lat'>»</span> <span class='ocrx_word' id='word_1_185' title='bbox 349 2635 412 2690; x_wconf 89' lang='lat' dir='ltr'><strong>res,</strong></span> <span class='ocrx_word' id='word_1_186' title='bbox 431 2634 510 2695; x_wconf 90' lang='lat' dir='ltr'><strong>quos</strong></span> <span class='ocrx_word' id='word_1_187' title='bbox 530 2617 562 2677; x_wconf 93' lang='lat' dir='ltr'><strong>in</strong></span> <span class='ocrx_word' id='word_1_188' title='bbox 577 2612 810 2689; x_wconf 87' lang='lat' dir='ltr'><strong>Quaestionibus</strong></span> <span class='ocrx_word' id='word_1_189' title='bbox 829 2612 1012 2674; x_wconf 88' lang='lat' dir='ltr'><strong>Tusculanis</strong></span> <span class='ocrx_word' id='word_1_190' title='bbox 1028 2617 1065 2690; x_wconf 86' lang='lat'><strong>(1,</strong></span> <span class='ocrx_word' id='word_1_191' title='bbox 1084 2613 1135 2686; x_wconf 87' lang='grc'><strong>10,</strong></span> <span class='ocrx_word' id='word_1_192' title='bbox 1152 2612 1203 2693; x_wconf 82' lang='grc'><strong>31)</strong></span> <span class='ocrx_word' id='word_1_193' title='bbox 1223 2615 1300 2676; x_wconf 90' lang='lat' dir='ltr'><strong>etin</strong></span> 
     </span>
     <span class='ocr_line' id='line_1_23' title="bbox 316 2716 1300 2799; baseline 0.004 -21"><span class='ocrx_word' id='word_1_194' title='bbox 316 2740 334 2778; x_wconf 96' lang='lat'>»</span> <span class='ocrx_word' id='word_1_195' title='bbox 349 2719 440 2782; x_wconf 90' lang='lat' dir='ltr'><strong>libris</strong></span> <span class='ocrx_word' id='word_1_196' title='bbox 454 2722 499 2783; x_wconf 88' lang='lat' dir='ltr'><strong>De</strong></span> <span class='ocrx_word' id='word_1_197' title='bbox 514 2720 712 2782; x_wconf 86' lang='lat' dir='ltr'><strong>Divinatione</strong></span> <span class='ocrx_word' id='word_1_198' title='bbox 728 2721 770 2796; x_wconf 89' lang='lat' dir='ltr'><strong>(l,</strong></span> <span class='ocrx_word' id='word_1_199' title='bbox 787 2719 819 2792; x_wconf 85' lang='lat'><strong>3,</strong></span> <span class='ocrx_word' id='word_1_200' title='bbox 834 2719 888 2791; x_wconf 75' lang='lat'><strong>50,</strong></span> <span class='ocrx_word' id='word_1_201' title='bbox 905 2735 946 2791; x_wconf 84' lang='lat'><strong>11,</strong></span> <span class='ocrx_word' id='word_1_202' title='bbox 959 2716 1008 2797; x_wconf 80' lang='lat'><strong>31)</strong></span> <span class='ocrx_word' id='word_1_203' title='bbox 1031 2726 1193 2799; x_wconf 82' lang='lat' dir='ltr'><strong>excerptos</strong></span> <span class='ocrx_word' id='word_1_204' title='bbox 1212 2719 1300 2782; x_wconf 88' lang='lat' dir='ltr'><strong>vide-</strong></span> 
     </span>
     <span class='ocr_line' id='line_1_24' title="bbox 315 2822 1300 2904; baseline 0.003 -21"><span class='ocrx_word' id='word_1_205' title='bbox 315 2845 332 2884; x_wconf 92' lang='lat'>»</span> <span class='ocrx_word' id='word_1_206' title='bbox 347 2844 428 2886; x_wconf 91' lang='lat' dir='ltr'><strong>mus.</strong></span> <span class='ocrx_word' id='word_1_207' title='bbox 444 2825 554 2904; x_wconf 85' lang='lat' dir='ltr'><strong>ltaque</strong></span> <span class='ocrx_word' id='word_1_208' title='bbox 568 2824 713 2886; x_wconf 84' lang='lat' dir='ltr'><strong>dubitare</strong></span> <span class='ocrx_word' id='word_1_209' title='bbox 732 2843 794 2885; x_wconf 91' lang='lat' dir='ltr'><strong>non</strong></span> <span class='ocrx_word' id='word_1_210' title='bbox 811 2822 929 2896; x_wconf 87' lang='lat' dir='ltr'><strong>licebit,</strong></span> <span class='ocrx_word' id='word_1_211' title='bbox 945 2825 1021 2903; x_wconf 88' lang='lat' dir='ltr'><strong>quin</strong></span> <span class='ocrx_word' id='word_1_212' title='bbox 1040 2822 1162 2884; x_wconf 82' lang='lat' dir='ltr'><strong>Phaedri</strong></span> <span class='ocrx_word' id='word_1_213' title='bbox 1175 2842 1300 2904; x_wconf 91' lang='lat' dir='ltr'><strong>quoque</strong></span> 
     </span>
     <span class='ocr_line' id='line_1_25' title="bbox 315 2926 1298 3010; baseline 0.003 -20"><span class='ocrx_word' id='word_1_214' title='bbox 315 2951 332 2990; x_wconf 90' lang='lat'>»</span> <span class='ocrx_word' id='word_1_215' title='bbox 348 2930 433 3000; x_wconf 92' lang='lat' dir='ltr'><strong>libri,</strong></span> <span class='ocrx_word' id='word_1_216' title='bbox 452 2948 530 3009; x_wconf 89' lang='lat' dir='ltr'><strong>quos</strong></span> <span class='ocrx_word' id='word_1_217' title='bbox 546 2947 594 3010; x_wconf 89' lang='lat' dir='ltr'><strong>ep.</strong></span> <span class='ocrx_word' id='word_1_218' title='bbox 614 2930 672 2992; x_wconf 80' lang='lat' dir='ltr'><strong>t3²</strong></span> <span class='ocrx_word' id='word_1_219' title='bbox 690 2928 749 2990; x_wconf 91' lang='lat' dir='ltr'><strong>sibi</strong></span> <span class='ocrx_word' id='word_1_220' title='bbox 765 2928 844 2989; x_wconf 90' lang='lat' dir='ltr'><strong>mitti</strong></span> <span class='ocrx_word' id='word_1_221' title='bbox 858 2926 965 3002; x_wconf 92' lang='lat' dir='ltr'><strong>voluit,</strong></span> <span class='ocrx_word' id='word_1_222' title='bbox 981 2927 1073 2989; x_wconf 89' lang='lat' dir='ltr'><strong>simili</strong></span> <span class='ocrx_word' id='word_1_223' title='bbox 1089 2929 1221 2990; x_wconf 90' lang='lat' dir='ltr'><strong>consilio</strong></span> <span class='ocrx_word' id='word_1_224' title='bbox 1240 2947 1298 3010; x_wconf 93' lang='lat' dir='ltr'><strong>pe-</strong></span> 
     </span>
     <span class='ocr_line' id='line_1_26' title="bbox 315 3031 1299 3113; baseline 0.002 -19"><span class='ocrx_word' id='word_1_225' title='bbox 315 3055 332 3094; x_wconf 95' lang='lat'>»</span> <span class='ocrx_word' id='word_1_226' title='bbox 351 3035 397 3096; x_wconf 90' lang='lat' dir='ltr'><strong>titi</strong></span> <span class='ocrx_word' id='word_1_227' title='bbox 423 3034 549 3096; x_wconf 88' lang='lat' dir='ltr'><strong>fuerint.</strong></span> <span class='ocrx_word' id='word_1_228' title='bbox 576 3033 732 3108; x_wconf 89' lang='lat' dir='ltr'><strong>Quantum</strong></span> <span class='ocrx_word' id='word_1_229' title='bbox 755 3033 880 3113; x_wconf 92' lang='lat' dir='ltr'><strong>quidem</strong></span> <span class='ocrx_word' id='word_1_230' title='bbox 913 3049 949 3094; x_wconf 86' lang='lat' dir='ltr'><strong>ex</strong></span> <span class='ocrx_word' id='word_1_231' title='bbox 975 3031 1231 3111; x_wconf 87' lang='lat' dir='ltr'><strong>inscriptionibus</strong></span> <span class='ocrx_word' id='word_1_232' title='bbox 1255 3033 1299 3096; x_wconf 91' lang='lat' dir='ltr'><strong>ibi</strong></span> 
     </span>
     <span class='ocr_line' id='line_1_27' title="bbox 315 3135 1299 3219; baseline 0.007 -25"><span class='ocrx_word' id='word_1_233' title='bbox 315 3163 329 3195; x_wconf 91' lang='lat'>»</span> <span class='ocrx_word' id='word_1_234' title='bbox 348 3139 465 3212; x_wconf 85' lang='lat' dir='ltr'><strong>allatis,</strong></span> <span class='ocrx_word' id='word_1_235' title='bbox 491 3145 524 3199; x_wconf 96' lang='lat' dir='ltr'><strong>ut</strong></span> <span class='ocrx_word' id='word_1_236' title='bbox 541 3141 634 3218; x_wconf 77' lang='lat' dir='ltr'><strong>vulgo</strong></span> <span class='ocrx_word' id='word_1_237' title='bbox 651 3138 808 3219; x_wconf 80' lang='lat' dir='ltr'><strong>leguntur,</strong></span> <span class='ocrx_word' id='word_1_238' title='bbox 825 3139 1036 3218; x_wconf 78' lang='lat' dir='ltr'><strong>cognoscitur,</strong></span> <span class='ocrx_word' id='word_1_239' title='bbox 1055 3137 1085 3196; x_wconf 92' lang='lat' dir='ltr'><strong>hi</strong></span> <span class='ocrx_word' id='word_1_240' title='bbox 1102 3135 1172 3198; x_wconf 89' lang='lat' dir='ltr'><strong>libri</strong></span> <span class='ocrx_word' id='word_1_241' title='bbox 1192 3139 1242 3199; x_wconf 86' lang='lat' dir='ltr'><strong>vix</strong></span> <span class='ocrx_word' id='word_1_242' title='bbox 1257 3140 1299 3201; x_wconf 92' lang='lat' dir='ltr'><strong>ad</strong></span> 
     </span>
     <span class='ocr_line' id='line_1_28' title="bbox 314 3234 1298 3326; baseline 0.004 -26"><span class='ocrx_word' id='word_1_243' title='bbox 314 3243 576 3324; x_wconf 83' lang='lat' dir='ltr'><strong>»philosophiam</strong></span> <span class='ocrx_word' id='word_1_244' title='bbox 593 3244 749 3324; x_wconf 88' lang='lat' dir='ltr'><strong>pertinere</strong></span> <span class='ocrx_word' id='word_1_245' title='bbox 769 3241 930 3318; x_wconf 91' lang='lat' dir='ltr'><strong>videntur;</strong></span> <span class='ocrx_word' id='word_1_246' title='bbox 953 3257 1142 3326; x_wconf 74' lang='grc' dir='ltr'>«περισσῶν»</span> <span class='ocrx_word' id='word_1_247' title='bbox 1164 3234 1247 3305; x_wconf 86' lang='lat' dir='ltr'><strong>enim</strong></span> <span class='ocrx_word' id='word_1_248' title='bbox 1267 3251 1298 3306; x_wconf 91' lang='lat' dir='ltr'><strong>et</strong></span> 
     </span>
     <span class='ocr_line' id='line_1_29' title="bbox 313 3346 1298 3429; baseline 0 -21"><span class='ocrx_word' id='word_1_249' title='bbox 313 3370 330 3408; x_wconf 90' lang='lat'>»</span> <span class='ocrx_word' id='word_1_250' title='bbox 348 3346 461 3419; x_wconf 75' lang='grc' dir='ltr'><strong>Ε’λλὰδος</strong></span> <span class='ocrx_word' id='word_1_251' title='bbox 475 3374 491 3411; x_wconf 89' lang='grc'>»</span> <span class='ocrx_word' id='word_1_252' title='bbox 515 3351 545 3411; x_wconf 89' lang='lat' dir='ltr'><strong>in</strong></span> <span class='ocrx_word' id='word_1_253' title='bbox 569 3351 712 3411; x_wconf 90' lang='lat' dir='ltr'><strong>omnibus</strong></span> <span class='ocrx_word' id='word_1_254' title='bbox 737 3347 801 3410; x_wconf 83' lang='lat' dir='ltr'><strong>fere</strong></span> <span class='ocrx_word' id='word_1_255' title='bbox 816 3349 975 3411; x_wconf 83' lang='lat' dir='ltr'><strong>Ciceronis</strong></span> <span class='ocrx_word' id='word_1_256' title='bbox 990 3348 1178 3412; x_wconf 89' lang='lat' dir='ltr'><strong>editionibus</strong></span> <span class='ocrx_word' id='word_1_257' title='bbox 1193 3349 1298 3429; x_wconf 89' lang='lat' dir='ltr'><strong>scrip-</strong></span> 
     </span>
     <span class='ocr_line' id='line_1_30' title="bbox 313 3454 1297 3536; baseline 0.003 -21"><span class='ocrx_word' id='word_1_258' title='bbox 313 3467 409 3518; x_wconf 90' lang='lat' dir='ltr'><strong>»tum</strong></span> <span class='ocrx_word' id='word_1_259' title='bbox 427 3465 533 3519; x_wconf 84' lang='lat' dir='ltr'><strong>exstat.</strong></span> <span class='ocrx_word' id='word_1_260' title='bbox 555 3459 594 3517; x_wconf 86' lang='lat' dir='ltr'><strong>At</strong></span> <span class='ocrx_word' id='word_1_261' title='bbox 610 3455 679 3536; x_wconf 91' lang='lat' dir='ltr'><strong>quis</strong></span> <span class='ocrx_word' id='word_1_262' title='bbox 702 3455 810 3527; x_wconf 88' lang='lat' dir='ltr'><strong>nescit,</strong></span> <span class='ocrx_word' id='word_1_263' title='bbox 835 3472 929 3534; x_wconf 90' lang='lat' dir='ltr'><strong>quam</strong></span> <span class='ocrx_word' id='word_1_264' title='bbox 948 3463 1095 3535; x_wconf 86' lang='lat' dir='ltr'><strong>corrupta</strong></span> <span class='ocrx_word' id='word_1_265' title='bbox 1115 3454 1176 3516; x_wconf 87' lang='lat' dir='ltr'><strong>sint</strong></span> <span class='ocrx_word' id='word_1_266' title='bbox 1195 3473 1297 3534; x_wconf 77' lang='lat' dir='ltr'><strong>graeoa</strong></span> 
     </span>
    </p>
   </div>
   <div class='ocr_carea' id='block_1_3' title="bbox 313 3707 1295 3952">
    <p class='ocr_par' dir='ltr' id='par_1_3' title="bbox 313 3707 1295 3952">
     <span class='ocr_line' id='line_1_31' title="bbox 347 3707 1295 3773; baseline 0.001 -16"><span class='ocrx_word' id='word_1_267' title='bbox 347 3712 354 3742; x_wconf 90' lang='lat'><strong>¹</strong></span> <span class='ocrx_word' id='word_1_268' title='bbox 375 3709 472 3758; x_wconf 78' lang='lat' dir='ltr'><strong>l‘haedri</strong></span> <span class='ocrx_word' id='word_1_269' title='bbox 485 3709 606 3772; x_wconf 86' lang='lat' dir='ltr'><strong>epicurei,</strong></span> <span class='ocrx_word' id='word_1_270' title='bbox 622 3709 697 3772; x_wconf 77' lang='lat' dir='ltr'><strong>vulgo</strong></span> <span class='ocrx_word' id='word_1_271' title='bbox 711 3708 830 3773; x_wconf 79' lang='lat' dir='ltr'><strong>anonymi</strong></span> <span class='ocrx_word' id='word_1_272' title='bbox 850 3707 1059 3769; x_wconf 86' lang='lat' dir='ltr'><strong>herculanensis,</strong></span> <span class='ocrx_word' id='word_1_273' title='bbox 1074 3708 1106 3758; x_wconf 91' lang='lat' dir='ltr'><strong>de</strong></span> <span class='ocrx_word' id='word_1_274' title='bbox 1122 3719 1216 3757; x_wconf 84' lang='lat' dir='ltr'><strong>natura</strong></span> <span class='ocrx_word' id='word_1_275' title='bbox 1229 3711 1295 3758; x_wconf 84' lang='lat' dir='ltr'><strong>Deo-</strong></span> 
     </span>
     <span class='ocr_line' id='line_1_32' title="bbox 313 3799 1256 3863; baseline 0.001 -14"><span class='ocrx_word' id='word_1_276' title='bbox 313 3816 368 3850; x_wconf 89' lang='lat' dir='ltr'><strong>rum</strong></span> <span class='ocrx_word' id='word_1_277' title='bbox 384 3803 553 3863; x_wconf 78' lang='lat' dir='ltr'><strong>fragmentum</strong></span> <span class='ocrx_word' id='word_1_278' title='bbox 569 3801 738 3851; x_wconf 84' lang='lat' dir='ltr'><strong>instauratnm</strong></span> <span class='ocrx_word' id='word_1_279' title='bbox 751 3811 776 3849; x_wconf 82' lang='lat' dir='ltr'><strong>et</strong></span> <span class='ocrx_word' id='word_1_280' title='bbox 788 3800 954 3850; x_wconf 83' lang='lat' dir='ltr'><strong>illustratum.</strong></span> <span class='ocrx_word' id='word_1_281' title='bbox 968 3828 998 3840; x_wconf 90' lang='lat'>-</span> <span class='ocrx_word' id='word_1_282' title='bbox 1013 3799 1162 3863; x_wconf 76' lang='lat' dir='ltr'><strong>hamburgi,</strong></span> <span class='ocrx_word' id='word_1_283' title='bbox 1184 3802 1256 3850; x_wconf 82' lang='lat'>18³3.</span> 
     </span>
     <span class='ocr_line' id='line_1_33' title="bbox 343 3889 566 3952; baseline 0 -12"><span class='ocrx_word' id='word_1_284' title='bbox 343 3889 355 3924; x_wconf 59' lang='grc' dir='ltr'><strong><em>Ἰ</em></strong></span> <span class='ocrx_word' id='word_1_285' title='bbox 373 3893 438 3952; x_wconf 83' lang='lat' dir='ltr'><strong>Lege</strong></span> <span class='ocrx_word' id='word_1_286' title='bbox 451 3906 457 3938; x_wconf 75' lang='grc' dir='ltr'><em>τ</em></span> <span class='ocrx_word' id='word_1_287' title='bbox 472 3906 511 3952; x_wconf 87' lang='lat' dir='ltr'><strong>ep.</strong></span> <span class='ocrx_word' id='word_1_288' title='bbox 527 3895 566 3940; x_wconf 85' lang='grc'><strong>39,</strong></span> 
     </span>
    </p>
   </div>
   <div class='ocr_carea' id='block_1_4' title="bbox 0 0 1666 5142">
    <p class='ocr_par' dir='ltr' id='par_1_4' title="bbox 0 0 1666 5142">
     <span class='ocr_line' id='line_1_34' title="bbox 0 0 1666 5142; baseline 0 3"><span class='ocrx_word' id='word_1_289' title='bbox 0 0 1666 5142; x_wconf 95' lang='lat' dir='ltr'><strong> </strong></span> 
     </span>
    </p>
   </div>
  </div>
 </body>
</html>
