3324 5142
756 384 917 446 ..Η-

342 513 480 596 alemani
500 516 551 578 tui.
576 515 640 577 Nos
652 516 716 596 jam
733 517 809 578 artis
825 521 943 578 tautum
959 516 1121 592 habemus,
1135 525 1169 581 ut
1181 509 1323 582 Verrium

340 640 360 678 r>
380 627 464 694 tuum
479 628 510 683 et
524 619 699 694 Camillum,
711 637 773 700 qua
785 619 936 684 munditia
951 622 1111 688 hominesl
1128 642 1189 704 qua
1200 625 1324 707 elegan-

342 744 359 784 »
372 725 432 788 tial
450 743 562 788 vocare
578 725 691 806 saepius
707 725 884 788 audeamus.
904 726 980 788 llaec
995 727 1090 808 igitur
1104 737 1152 790 est
1167 730 1230 792 vita
1246 749 1324 794 nos-

340 836 422 893 »tra
442 849 553 892 :mane
571 829 740 892 salutamus
762 830 846 892 domi
869 837 899 893 et
915 832 1016 896 bonos
1033 833 1117 896 viros
1135 834 1248 898 multos
1268 835 1323 898 sed

339 937 492 1009 arrietes,
514 943 545 998 et
563 935 620 998 hos
643 934 731 998 laetos
745 935 879 1002 victores
901 956 908 996 :
928 935 982 1017 qui
1004 955 1052 998 me
1079 937 1274 1018 perofficiose
1293 946 1325 1001 et

340 1046 571 1122 »peramanter
598 1039 775 1105 observant.
800 1040 860 1102 Ubi
881 1039 1026 1104 salutatio
1045 1041 1183 1116 deiluxit,
1213 1042 1323 1105 litteris

341 1166 358 1204 n
374 1165 423 1209 me
438 1144 574 1219 involvo,
592 1151 645 1208 eut
658 1145 773 1218 scribo,
788 1153 841 1206 aut
857 1145 938 1226 lego.
954 1147 1092 1208 Veniunt
1105 1149 1197 1212 etiam
1209 1149 1263 1230 qui
1275 1167 1324 1211 me

340 1251 517 1322 nandium,
546 1250 636 1331 quasi
671 1248 796 1312 doctum
824 1249 997 1324 hominem,
1029 1251 1102 1333 quia
1138 1253 1230 1334 paulo
1255 1272 1322 1316 sum

340 1378 357 1416 n
373 1374 467 1438 quam
477 1355 538 1438 ipsi
551 1356 680 1420 doctior.
700 1355 778 1421 Inde
789 1357 914 1438 corpori
925 1375 1017 1420 omne
1031 1363 1152 1440 tempus
1168 1358 1260 1424 datur
1270 1361 1321 1421 ¹.»

335 1461 479 1542 sicergo
493 1461 568 1524 vivit
579 1461 695 1525 Tullius
710 1467 741 1523 et
752 1463 784 1522 in
796 1461 905 1524 litteris
917 1465 1088 1543 praesertim
1099 1473 1253 1532 versetur.
1262 1466 1322 1529 Sed

339 1573 387 1628 est
400 1583 506 1630 earum
522 1567 615 1630 etiam
631 1584 693 1629 non
705 1565 842 1641 satietas,
864 1567 919 1628 sed
934 1567 1061 1648 quidam
1074 1568 1193 1632 modus.
1209 1571 1324 1652 Aqui-

337 1669 398 1733 bus
411 1688 506 1751 quum
518 1669 663 1733 discessit
677 1687 716 1732 ne
725 1669 834 1732 amicis
845 1668 921 1732 nihil
938 1670 1065 1746 tribuat,
1079 1691 1150 1736 cum
1162 1673 1238 1754 ipsis
1248 1694 1324 1757 epu-

339 1774 428 1838 latur.
446 1776 511 1841 Nee
525 1781 628 1839 tamen
646 1793 698 1838 eas
714 1793 821 1838 eoenas
838 1775 949 1855 quaerit
964 1781 998 1836 ut
1017 1794 1138 1856 magnae
1154 1776 1229 1840 fiant
1248 1778 1325 1840 reli-

337 1880 442 1961 quiae3
460 1881 651 1964 tyrotarieho
665 1881 745 1942 Poeti
766 1879 950 1942 delectatur.

380 1986 471 2068 Nune
486 1986 581 2066 igitur
596 1985 680 2048 domi
695 2003 766 2048 cum
781 1984 899 2058 amicis,
918 2003 1002 2049 nunc
1024 1986 1109 2068 apud
1123 1987 1323 2053 Volumnium

339 2093 539 2175 Eutrapelum
564 2091 719 2156 accumbit
730 2091 751 2150 ².
772 2091 821 2152 lbi
843 2089 1001 2170 quondam
1017 2090 1048 2152 in
1069 2090 1223 2172 Cytherim
1243 2092 1324 2156 inei·

338 2199 397 2272 dit,
413 2218 488 2274 non,
512 2197 707 2262 meherculet
724 2197 900 2280 suspicatus
914 2195 998 2258 illam
1015 2193 1123 2261 affore.
1143 2196 1221 2258 Eum
1241 2197 1324 2266 eninr

340 2302 416 2366 nihil
433 2303 561 2369 istorum
578 2321 617 2366 ne
626 2303 772 2385 juvenem
782 2301 908 2382 quidem
921 2301 1017 2363 movit
1029 2319 1179 2382 unquam,
1191 2320 1230 2368 ns
1241 2320 1325 2364 nunc

338 2427 458 2471 senem.
473 2408 622 2472 Convivio
632 2408 819 2471 delectatur.
830 2405 891 2470 llic
905 2406 1053 2487 loquitur,
1066 2407 1152 2486 quod
1162 2409 1195 2470 in
1209 2409 1322 2480 solum,

338 2517 373 2572 ut
390 2509 515 2585 dicitur,
532 2518 563 2576 et
578 2512 725 2592 gemitum
740 2511 772 2572 in
794 2511 876 2573 risus
897 2511 1046 2580 maximos
1064 2510 1220 2575 transfert.
1239 2513 1323 2578 Nihil

337 2633 416 2696 ergo
431 2615 499 2680 istis
512 2617 643 2682 coenulis
657 2615 838 2698 jucundius,
855 2635 909 2678 eas
920 2615 1027 2680 amicis
1043 2617 1252 2680 commendat.

381 2741 399 2781 a
416 2720 493 2793 1Τθ,
509 2720 551 2782 mi
565 2721 663 2795 Poete,
682 2720 723 2784 ad
738 2738 846 2784 coenas
860 2721 937 2784 itare
953 2721 1082 2794 desisse,
1100 2721 1228 2786 moleste
1244 2720 1320 2785 iero.

340 2845 358 2886 v
374 2825 580 2906 Magnaenim
587 2833 618 2888 te
628 2825 834 2891 delectatione
843 2834 873 2888 et
883 2825 1042 2909 voluptate
1052 2827 1195 2909 privasti.
1206 2827 1324 2891 Deinde

341 2933 465 2996 »etiam
487 2950 608 3012 vereor,
626 2931 698 2996 lieet
712 2931 794 2994 enim
809 2949 916 2994 verum
930 2931 1045 3006 dicere,
1064 2951 1104 2996 ne
1120 2932 1227 2996 nescio
1247 2933 1324 3018 quid

340 3059 358 3097 n
378 3035 468 3109 illud,
486 3036 571 3116 quod
588 3035 723 3120 solebas,
750 3036 908 3109 dediscas,
929 3045 960 3098 et
978 3037 1164 3100 obliviscare
1184 3036 1324 3102 coenulas

340 3165 357 3204 u
374 3144 487 3206 lacere.
504 3144 581 3206 Nam
595 3144 622 3206 si
637 3139 819 3225 tudr,quum
829 3143 966 3208 habebas
979 3161 1059 3224 quos
1075 3142 1243 3217 imitarere,
1260 3162 1323 3208 non

273 3303 277 3314 ,
340 3247 504 3309 »multum
527 3248 731 3327 proficiebas,
759 3249 836 3328 quid
861 3255 994 3311 nancte
1019 3247 1173 3312 iacturum
1194 3249 1324 3334 putem?

339 3355 531 3435 »Spurinna
556 3353 701 3434 quidem,
728 3373 823 3436 quum
843 3355 872 3417 ei
895 3372 961 3417 rem
985 3354 1269 3428 demonstrassem,
1294 3360 1325 3417 ot

341 3481 356 3520 v
376 3460 468 3523 vitam
485 3467 568 3524 tuam
585 3460 777 3540 superiorem
793 3459 1017 3540 exposuissem,
1035 3475 1180 3537 magnum
1196 3459 1324 3540 pericu-

348 3545 355 3560 ⁶
391 3549 402 3576 Ι

374 3688 624 3747 ¹AdFam.n,td

373 3778 440 3828 2nd
452 3783 524 3830 Fam.
540 3797 573 3840 rx,
587 3784 630 3831 26.

373 3869 621 3932 tmmmnsts
