3324 5142
764 499 906 577 ...8.-

384 630 433 694 Ad
448 637 625 714 exoptatum
645 631 785 693 tendenti
804 631 908 705 linem,
924 629 1039 692 nullam
1059 647 1117 690 nec
1132 633 1329 708 contemptus

345 757 403 802 nec
427 736 619 801 contumeliae
637 755 755 800 moram
774 735 968 818 injiciebant.
984 733 1084 797 Aliam
1105 733 1156 795 alii
1175 733 1257 796 viam
1272 733 1326 794 in-

344 827 578 923 grediebantur,
592 839 683 902 aliam
699 839 751 902 alii
765 839 960 922 disciplinam
975 840 1171 912 exercebant,
1187 841 1242 901 sed
1254 857 1327 901 om-

345 947 437 1010 nibus
458 945 539 1008 idem
563 953 629 1009 erat
651 964 738 1010 amor
760 945 909 1010 habendi.
930 948 969 1010 Ut
987 947 1026 1009 de
1046 948 1083 1024 ea
1103 946 1236 1028 primum
1261 951 1330 1006 arte

343 1051 455 1132 loquar
470 1068 574 1131 quam,
590 1048 661 1114 licet
674 1049 706 1112 in
722 1057 808 1114 tanto
822 1059 903 1114 esset
917 1051 1029 1126 bactu,
1048 1067 1176 1113 romana
1191 1048 1328 1130 gravitas

345 1148 475 1217 maxime
499 1153 734 1228 contemnebat,
746 1153 931 1236 jampridem
954 1155 1028 1218 Cato
1049 1155 1199 1228 medicos,
1219 1171 1327 1236 quum,

344 1251 424 1342 quas
437 1251 510 1320 olim
526 1260 632 1320 Romae
644 1265 749 1340 partes
765 1265 868 1322 essent
881 1259 992 1332 acturi,
1013 1257 1236 1339 praesensisset,
1249 1257 1328 1318 insi·
1431 1307 1438 1320 .

346 1365 399 1448 gni
415 1363 549 1445 quadam
564 1383 629 1448 prae
649 1363 793 1427 omnibus
813 1364 928 1426 Graeeis
946 1363 1072 1426 infamia
1087 1369 1258 1427 notaverat.
1278 1361 1327 1424 Ad

344 1463 440 1532 filium
457 1469 637 1533 scribebat:
656 1453 912 1552 «Nequissimum
930 1475 960 1532 et
982 1468 1117 1530 indocile
1138 1486 1235 1548 genus
1254 1465 1328 1529 illo-

346 1596 363 1634 »
378 1595 447 1660 rum
463 1597 470 1638 ε
486 1583 516 1638 et
537 1575 597 1637 hoc
616 1581 690 1656 puta
714 1581 815 1636 vatem
840 1573 976 1636 dixisse:
993 1571 1251 1653 quandocumque
1269 1572 1328 1632 ista

344 1702 362 1740 »
379 1699 456 1764 gens
470 1700 541 1744 suas
556 1681 674 1744 litteras
688 1680 786 1754 dabit,
805 1680 909 1742 omnia
928 1685 1120 1760 corrumpet.
1144 1681 1222 1739 Tum
1237 1679 1328 1740 etiam

345 1785 477 1864 »magis
500 1785 527 1846 si
552 1785 689 1868 medicos
706 1802 781 1846 suos·
801 1783 863 1846 buc
878 1783 1019 1847 mittet...
1041 1781 1189 1844 interdixi
1208 1782 1264 1843 tibi
1289 1781 1330 1844 de

323 1899 328 1916 ”
346 1909 364 1964 >t
380 1877 521 1952 medicis,
534 1909 551 1949 t>
1287 1865 1289 1870 ,

387 1995 587 2058 interdicenti
610 2013 685 2056 vero
707 2011 769 2055 non
791 1993 895 2076 paruit
914 1995 1032 2066 Roma,
1057 1991 1224 2055 auctoritas
1246 1989 1327 2052 enim

345 2096 434 2160 aliter
449 2116 542 2178 quam
561 2115 662 2178 graece
684 2096 767 2160 banc
785 2104 881 2159 artem
905 2095 1109 2158 tractantibus
1131 2093 1222 2157 etiam
1245 2092 1329 2174 apud

346 2203 505 2284 imperitos
519 2209 724 2283 expertesque
739 2200 854 2279 lingue
870 2217 932 2264 non
953 2207 1033 2262 erat.
1055 2199 1244 2279 Cuicumque
1259 2218 1329 2261 me-

345 2307 449 2369 dicum
470 2325 503 2368 se
524 2305 666 2388 professo
689 2305 791 2366 statim
813 2303 1011 2375 credebatur,
1036 2303 1194 2383 quamvis,
1216 2308 1328 2382 praeter

345 2410 507 2492 proprium
520 2410 613 2492 hujus
627 2405 703 2475 artis‘
718 2407 902 2490 periculum,
913 2408 974 2470 alia
989 2407 1137 2472 multaab
1153 2407 1220 2468 istis
1231 2406 1330 2468 homi-

346 2519 439 2584 nibus
453 2517 651 2590 formidanda
667 2522 784 2590 essent.
808 2516 891 2592 Quid
907 2516 1001 2587 enim,
1018 2514 1169 2580 exclamat
1189 2513 1325 2585 Plinius,

345 2642 534 2688 venenorum
550 2623 694 2696 fertilius,
709 2629 762 2686 aut
777 2622 861 2685 unde
875 2622 981 2704 plures
992 2627 1243 2684 testamentorum
1255 2620 1329 2682 insi-

345 2727 436 2802 diae¹‚
456 2727 585 2809 plurave
599 2726 774 2790 adulteria?

386 2835 425 2897 Ut
438 2833 551 2897 funesti
567 2834 687 2906 minus,
708 2833 753 2900 sic
769 2831 865 2897 multo
881 2832 979 2912 magis
991 2830 1128 2904 ridiculi,
1145 2831 1199 2912 qui
1215 2830 1327 2911 paeda-

345 2956 444 3018 gogus
459 2938 611 3018 agebant3
628 2955 685 2999 nee
704 2943 839 3018 patrono
854 2941 973 2998 tantum
993 2943 1047 2998 ant
1062 2937 1128 3013 ejus
1142 2935 1247 3008 uxori,
1271 2934 1326 2996 sed

343 3039 450 3106 liberis
477 3044 568 3106 etiam
592 3045 623 3104 et
641 3043 748 3104 amicis
770 3042 931 3122 servisque
955 3047 1044 3102 erant
1074 3039 1224 3102 ludibrio.
1252 3038 1327 3100 illos

343 3151 445 3235 probe
467 3148 633 3232 exagitavit
659 3147 878 3227 verissimeque
912 3145 1077 3228 descripsit
1109 3147 1263 3207 Lucianus
1293 3143 1327 3203 in

343 3257 391 3318 his
408 3274 478 3336 quae
490 3255 588 3318 edidit
600 3264 660 3338 περὶ
674 3268 724 3315 τῶν
740 3263 782 3316 ἐπὶ
798 3262 881 3334 μισθῷ
900 3259 1037 3315 συνόντων.

384 3361 466 3438 Quid
482 3380 555 3426 vero
570 3361 609 3425 de
624 3361 736 3444 poetis,
749 3357 943 3440 philosophis
960 3355 1141 3436 caeterisque
1162 3353 1323 3434 scriptore

343 3467 402 3530 bus
418 3467 528 3546 graecis
544 3450 638 3550 hujus
653 3465 751 3528 aetatis
767 3462 867 3528 dicam
884 3463 938 3543 qui
959 3483 966 3522 ε

406 3689 415 3704 ·
442 3672 489 3723 llic
504 3673 554 3720 alta
569 3671 685 3734 Sicyone,
697 3680 735 3720 ast
745 3669 785 3719 bie
795 3671 925 3734 Amydone
937 3667 1040 3726 relicta,

441 3764 491 3816 llic
503 3763 598 3822 Andro,
613 3762 655 3810 ille
669 3762 751 3822 Samo,
766 3760 805 3810 hic
818 3759 946 3809 Trallibus
959 3769 1003 3806 aut
1017 3755 1166 3814 Alabandis,

379 4025 387 4059 ¹
406 4025 466 4075 l'lln.
483 4025 491 4074 l
517 4039 605 4084 xxxix,
621 4041 641 4071 c,
658 4028 683 4073 8,
