3324 5142
772 543 914 604 ..6-

341 664 427 732 ‘mihi
442 676 556 745 nutem,
570 687 654 750 qne,
666 669 797 734 Coesnris
816 675 917 745 oetate,
935 670 997 732 vitu
1008 670 1099 732 luerit
1111 671 1337 756 Epicureorum

351 772 517 837 latinorum
533 790 681 837 enarrare
694 773 842 862 inanimo
853 780 908 836 est.
924 773 1083 856 Quidquid
1096 775 1335 848 exoratoribus,

351 878 451 960 poetis
464 877 512 942 vel
524 877 677 941 historicis
689 878 838 960 colligere
849 879 948 953 licuit,
965 881 1116 962 excerpsi,
1134 879 1219 944 nullo
1232 887 1336 944 tumen

350 983 552 1065 locupletiore
568 1003 640 1046 usus
658 989 785 1048 auctore
807 1002 901 1065 quam
921 984 1039 1062 Tullio;
1064 985 1166 1066 agitur
1190 985 1271 1048 euim
1296 986 1336 1048 de

352 1088 476 1151 coaevis.
490 1089 531 1151 Ut
543 1106 592 1150 me
607 1107 671 1152 uon
687 1087 811 1153 deserat
824 1091 946 1154 lucidus
962 1091 1054 1166 ordo,
1067 1098 1098 1154 et
1112 1092 1170 1153 istc
1186 1098 1336 1172 tanquam
1348 1169 1363 1190 ν

351 1188 481 1276 disjecta
501 1194 640 1258 membra
664 1193 813 1256 inunum
837 1195 1063 1270 coadunentur,
1086 1195 1131 1259 sic
1146 1194 1337 1278 tripartitum

351 1318 431 1381 opus
446 1297 613 1380 disponere
628 1297 741 1380 placet.

391 1402 535 1478 Quaeram
556 1405 658 1487 primo
676 1425 684 1464 ι
700 1404 770 1486 quis
784 1402 878 1468 fuerit
897 1405 1003 1467 ltomae
1017 1404 1196 1466 Graecorum
1211 1403 1337 1465 vivendi

351 1509 484 1585 modus}
506 1509 634 1591 quinam
649 1509 756 1571 Romae
774 1508 925 1571 notissimi
940 1528 977 1571 er
991 1509 1103 1590 graecis
1121 1509 1253 1591 Epicuri
1266 1508 1338 1570 dis-

353 1611 485 1695 cipulis;
499 1631 570 1694 quae
581 1611 705 1674 Phaedri
722 1613 908 1689 auctoritns3

392 1720 478 1793 Mox,
497 1737 590 1800 quum
608 1718 696 1782 multi
710 1719 881 1782 exstiterint
896 1721 1002 1783 Romae
1016 1719 1105 1782 latini
1119 1720 1248 1782 rationis
1266 1721 1337 1802 epi-

351 1841 453 1887 cureae
466 1823 579 1898 aemuli,
603 1843 745 1906 quaenam
767 1825 1013 1908 illorumopern,
1033 1826 1121 1908 quod
1138 1825 1208 1888 vitae
1225 1844 1339 1906 genus,

351 1947 422 2012 quae
434 1929 494 1992 hac
507 1935 687 2012 tempestate
705 1929 848 2007 fortuna3

393 2035 546 2117 Denique,
571 2054 627 2099 cur
648 2035 781 2110 Tullius,
801 2054 894 2117 quem
914 2053 984 2099 eum
1006 2035 1168 2117 Epicureis
1183 2034 1337 2115 conjunc-

352 2139 468 2202 tissime
494 2145 648 2202 versctum
669 2139 763 2204 fuisse
786 2140 984 2222 probabitur,
1001 2144 1086 2200 tauto
1111 2137 1246 2201 Hortum
1264 2136 1341 2199 odio

354 2249 536 2324 prosecutus
549 2241 652 2304 liserit..
