3324 5142
750 352 912 413 ..a5-

335 501 352 541 n
369 481 485 542 utinam
501 465 663 562 susceptus
677 500 739 544 nou
755 499 854 544 essem
871 488 925 544 aut
940 499 977 543 ue
993 481 1069 561 quid
1083 499 1120 544 ex
1133 481 1241 544 eadem
1254 499 1318 544 ma·

335 606 354 645 t>
370 593 416 648 tre
441 593 548 668 postea
571 593 676 650 natum
699 589 794 650 essetl
825 587 916 670 plura
944 586 1083 648 scribere
1107 587 1179 648 iletn
1203 586 1317 668 probi-

336 712 352 749 n
371 692 456 754 beor.
474 711 490 749 n
816 682 819 692 ‘'

358 798 463 859 runc
477 797 614 877 epicurei
630 797 746 859 instare
760 797 865 872 amici,
886 798 988 861 Tullio
1005 796 1124 879 aliquid
1143 797 1245 860 solatii
1262 815 1316 860 seu

332 901 464 975 litteris,
484 920 537 963 seu
553 901 775 981 congressibus
790 901 918 978 afferre3
934 903 974 966 ad
992 902 1145 965 Caesarem
1160 901 1318 973 scribere,

334 1008 465 1070 amicum
482 1005 635 1087 quidquid
650 1005 757 1069 feccrit
770 1007 809 1069 de
826 1025 933 1069 eorum
954 1008 1107 1071 sententia
1123 1006 1245 1070 fecisse.
1264 1009 1318 1070 lte-

331 1112 502 1173 stituuntnr
513 1111 610 1183 bona,
619 1110 751 1172 Tullium
765 1111 870 1173 inrisit
879 1111 994 1184 Caesar,
1007 1112 1049 1174 ad
1058 1130 1155 1174 novas
1170 1129 1241 1194 spes
1253 1112 1319 1173 eri-

332 1217 417 1296 gitur
432 1217 566 1277 animus.
590 1217 677 1278 Tunc
698 1217 845 1295 quoniam
859 1235 929 1296 quae
948 1218 1068 1297 putavit
1083 1235 1151 1279 esse
1166 1213 1317 1299 praeclera

335 1327 478 1402 expertus
493 1323 540 1381 est
554 1338 646 1400 quam
664 1328 767 1382 essent
779 1320 898 1396 inania,
916 1339 986 1382 cum
1005 1321 1150 1383 omuibus
1166 1321 1260 1384 musis
1270 1340 1319 1384 ra-

335 1423 459 1485 tionem*
472 1422 589 1486 hnbere
603 1423 732 1503 cogitat.
755 1422 1000 1498 lucumbamus¹,
1018 1443 1037 1486 c
1056 1431 1160 1486 noster
1180 1424 1258 1497 Tite,
1276 1423 1317 1484 ad

332 1528 387 1590 illa
401 1529 514 1604 studia,
527 1535 557 1592 et
572 1547 623 1604 eo,
635 1531 719 1592 unde
733 1529 894 1592 discedere
905 1549 967 1592 uon
986 1531 1135 1611 oportuit,
1148 1529 1318 1610 aliquando

335 1642 545 1709 revertamur3
564 1635 619 1697 sed
633 1634 736 1698 denuo
755 1635 890 1716 epicurei
904 1635 1070 1698 adfuerunt
1083 1635 1175 1696 amici
1187 1635 1241 1714 qui
1250 1653 1320 1696 sau·

333 1739 449 1800 clatum
459 1740 594 1801 animum
605 1739 754 1815 foverent,
763 1747 792 1801 et
805 1747 979 1820 peccatum,
991 1742 1079 1822 cujus
1089 1759 1158 1802 eum
1166 1738 1248 1802 adeo
1254 1759 1320 1821 pue-

337 1842 465 1917 nitebat,
478 1844 563 1923 quod
579 1843 610 1904 in
626 1843 744 1924 campis
758 1843 942 1924 pharsalicis
958 1863 1019 1905 uon
1033 1843 1209 1916 cecidisset,
1222 1843 1320 1906 dilue·

333 1969 353 2008 e
373 1954 451 2008 rent
467 1946 684 2028 Philosophis²
697 1946 825 2027 placuit,
844 1948 981 2023 aiebant,
994 1948 1069 2010 nihil
1087 1947 1154 2012 esse
1169 1949 1320 2030 sapientis

336 2073 355 2121 >t
371 2061 540 2134 praestare,
555 2051 614 2114 uisi
634 2053 758 2134 cuipam
777 2073 784 2112 :
799 2071 861 2133 qua
877 2049 934 2116 tibi
949 2053 1065 2130 videris
1079 2052 1246 2134 dupliciter
1261 2070 1319 2114 ca—

337 2179 353 2216 »
371 2175 458 2231 reret
474 2164 504 2219 et
519 2155 605 2238 quod
627 2174 663 2218 ea
679 2158 814 2218 senseris
836 2175 906 2238 quae
930 2158 1103 2220 rectissima
1121 2157 1263 2230 fuerunt,
1290 2165 1320 2219 et

337 2282 354 2320 n
371 2261 445 2342 quia
458 2278 552 2342 quum
567 2258 690 2322 videres
713 2260 851 2342 praesidii
875 2280 938 2324 uun
952 2261 1028 2324 satis
1042 2281 1110 2324 esse
1122 2261 1163 2323 ad
1182 2279 1218 2324 ea
1233 2261 1320 2324 obti-

337 2387 353 2422 n
371 2366 484 2440 nenda,
501 2365 618 2426 viribus
633 2367 816 2428 certandum
830 2385 899 2428 cum
914 2366 1137 2430 valentioribus
1152 2387 1213 2436 uon
1229 2376 1319 2448 puta·

336 2490 353 2528 n
369 2471 525 2550 res.Ergo
535 2472 567 2532 in
577 2470 680 2533 officio
692 2471 768 2534 boui
777 2471 853 2532 civis
864 2479 1017 2534 certenon
1029 2472 1315 2553 reprehendendus.

338 2598 354 2634 n
370 2577 534 2658 Reliquum
544 2584 592 2640 est
601 2578 725 2659 nequid
736 2578 840 2651 stulte,
850 2596 889 2640 ne
901 2579 977 2660 quid
988 2586 1101 2642 temere
1111 2579 1199 2642 dicas
1211 2589 1264 2641 aut
1276 2580 1322 2642 ia·

337 2701 355 2741 »
371 2681 434 2743 cias
447 2686 716 2763 contrapotcutes.
728 2681 765 2744 ld
775 2701 901 2762 quoque
916 2689 963 2745 est
973 2684 1134 2764 sepientis.
1148 2683 1244 2748 Plena
1255 2703 1321 2748 mo-

337 2807 355 2846 »
371 2794 518 2849 numenta
535 2788 728 2858 Graeccrum,
744 2787 1005 2868 quemadmodum
1024 2788 1244 2870 sapientissimi
1260 2789 1319 2850 viri

336 2909 354 2948 u
371 2907 468 2969 regua
480 2890 607 2952 tulerint
619 2891 819 2968 velAthenis,
829 2893 876 2956 vel
884 2894 1055 2975 Syracusis,
1069 2913 1164 2974 quum
1176 2895 1320 2956 servieu-

336 3018 354 3054 n
367 2982 454 3056 'tibus
466 2995 529 3056 suis
543 2995 731 3070 civitatibus,
745 2996 859 3059 inerint
871 2999 932 3080 ipsi
941 2998 1173 3079 quodammodo
1185 2999 1287 3062 liberi.
1304 3027 1317 3052 ι»

334 3099 546 3162 Suadentibus
560 3099 654 3178 igitur
666 3101 811 3164 amiciset
821 3103 992 3184 proesertim
1003 3104 1087 3164 Paeto
1101 3103 1156 3182 qui
1167 3121 1236 3165 eum
1244 3104 1321 3185 jam·

336 3203 456 3286 pridem
478 3213 508 3266 et
527 3212 706 3268 constanter
727 3213 826 3280 amat,
848 3193 965 3272 Tullius
981 3207 1135 3289 quidquid
1154 3216 1220 3272 arte
1234 3209 1317 3285 fieri,

337 3308 491 3390 quidquid
506 3309 663 3372 elaborari
681 3319 735 3373 aut
752 3310 833 3374 effici
855 3319 957 3394 potest
973 3312 1013 3375 ad
1030 3313 1198 3374 amicorum
1213 3312 1320 3376 Caesa-

336 3416 380 3477 ris
395 3415 640 3478 benevolentiam
665 3413 893 3478 conciliandam
914 3425 945 3477 et
969 3415 1176 3496 colligendam
1201 3434 1320 3480 summo

181 3527 305 3606 ,Μ
337 3519 441 3618 Μο
453 3521 673 3600 consequitur;
695 3537 753 3583 uec
766 3519 898 3592 frustra3
918 3521 1009 3583 nam³
1030 3538 1092 3584 uon
1105 3518 1217 3584 desiuit
1236 3520 1320 3602 apud

371 3729 433 3786 lxr,
453 3731 490 3778 16.

370 3816 434 3867 ²rd
449 3821 518 3869 Fam.
533 3835 569 3880 rx,
585 3823 623 3870 16.
735 3863 736 3867 ,

370 3905 381 3942 ³
395 3907 433 3958 td
447 3912 517 3958 Fam.
530 3925 576 3968 vn,
589 3913 612 3959 9.
