3324 5142
759 552 896 628 7-7·-

814 809 838 870 1.

377 1016 445 1078 Non
459 1017 525 1077 sine
541 1015 646 1094 aliquo
658 1012 777 1076 coelesti
788 1014 899 1076 mentis
911 1013 1060 1076 instinctu
1075 1029 1112 1074 ac
1125 1009 1233 1073 divino
1244 1029 1324 1092 quo-

338 1120 409 1184 dam
426 1121 536 1202 spiritu
548 1117 673 1180 fuerunt
686 1116 731 1179 illi
742 1125 854 1198 poetae,
863 1118 1004 1180 historici
1016 1112 1242 1198 etphilosoplri,
1256 1117 1324 1195 qui-

338 1223 398 1286 bus
411 1223 562 1303 gloriatur
576 1227 607 1282 et
629 1238 708 1302 quos
724 1221 833 1283 merito
859 1221 957 1283 libera
971 1221 1068 1301 iactat
1091 1219 1219 1281 Graeoia.
1240 1217 1326 1280 Sub-

339 1334 416 1389 aotae
435 1344 510 1388 vero
525 1325 628 1388 omnia
644 1323 809 1387 defuerunt
820 1329 847 1400 ¹;
871 1326 955 1388 nulla
971 1325 1084 1408 patria,
1107 1322 1182 1386 nulli
1197 1324 1323 1387 omnino

337 1433 401 1495 Dii.
424 1433 524 1494 Unum
549 1431 771 1494 retinuerunt:
796 1431 873 1494 illud
898 1451 1008 1512 nempe
1036 1429 1154 1510 ingenii
1180 1447 1322 1504 acumen,

337 1536 421 1598 nnde
435 1541 538 1597 tantus
553 1535 625 1597 olim
641 1536 685 1598 eis
699 1536 811 1613 honos,
826 1544 899 1598 tunc
913 1555 987 1598 vero
1004 1534 1047 1596 nil
1062 1534 1245 1616 plerumque
1264 1533 1324 1596 nisi

243 1625 244 1628 ¹
337 1640 474 1702 dedecus
489 1640 622 1711 redibat,
642 1647 749 1720 utpote
763 1639 876 1702 vilibus
888 1641 977 1720 quasi
994 1639 1157 1720 mancipiis
1173 1638 1253 1700 datis
1269 1638 1325 1700 ad·

337 1743 491 1823 dictisque
515 1745 638 1807 victori.
660 1743 729 1806 Non
748 1745 811 1824 jam
831 1744 912 1806 enim
928 1744 1046 1818 virtuti,
1069 1761 1126 1805 nec
1141 1741 1323 1805 liberalibus

337 1847 523 1928 disciplinis,
547 1847 602 1910 sed
623 1847 764 1930 peenniae
790 1854 908 1909 tantum
929 1847 1149 1923 inservientes,
1173 1847 1206 1908 id
1226 1865 1323 1908 unum

338 1951 524 2024 studebant,
551 1949 709 2031 quomodo
734 1959 856 2031 turpem
881 1957 1095 2031 paupertatem
1115 1951 1323 2030 effugerent2.

337 2054 547 2134 Quaecumque
560 2053 628 2116 illis
637 2055 728 2116 bonae
741 2073 906 2136 pravaque
921 2057 1003 2116 artes
1019 2055 1245 2136 suppetebant3

453 2207 588 2270 ingenium
603 2207 686 2268 velox,
699 2209 806 2260 andacia
822 2211 931 2274 perdita,
946 2227 1028 2274 sermo

455 2305 588 2362 Promotus
599 2312 625 2350 et
636 2303 701 2352 lsaeo
717 2302 881 2365 torrentiort,

375 2441 484 2514 Dolus,
500 2442 667 2516 industria,
685 2445 921 2522 assentationes,
944 2427 997 2508 e'as
1016 2464 1123 2509 omnes
1139 2447 1171 2508 in
1191 2447 1224 2511 id
1239 2465 1320 2510 oon-

334 2547 509 2621 vertebant,
530 2555 564 2608 ut
587 2556 788 2628 patronorum
808 2551 945 2614 avaritiae
967 2553 1142 2615 nummulos
1163 2553 1319 2616 subduce-

333 2659 416 2714 rent.

901 2787 955 2837 Ede
968 2788 1029 2850 quid
1045 2787 1115 2838 illum

417 2877 478 2924 Esse
493 2885 582 2937 putes,
597 2876 711 2936 quemvis
724 2877 851 2928 bominem
865 2893 950 2928 seeum
964 2878 1050 2928 attulit
1064 2881 1095 2929 ad
1108 2895 1162 2930 nos.

418 2963 614 3026 Grammaticus,
622 2967 717 3027 rhetor,
733 2975 889 3028 geometres,
901 2969 992 3032 pictor,
1005 2969 1105 3032 aliptes,

418 3059 513 3120 Augur,
530 3055 715 3116 schoenobates,
730 3057 855 3118 medicus,
871 3073 959 3120 magus
971 3073 979 3108 τ
991 3060 1075 3110 omnia
1089 3059 1168 3112 novit.

416 3143 547 3192 Graeculus
559 3144 674 3194 esuriens
683 3145 710 3194 in
726 3145 827 3206 ooelnm,
844 3147 959 3209 jusseris,
971 3147 1044 3200 thid.

367 3331 376 3366 ¹
396 3335 538 3384 Introduct.
549 3339 578 3384 de
588 3336 628 3386 M.
643 3336 676 3384 Le
691 3336 763 3386 Claro
777 3353 809 3386 au
829 3337 893 3388 disc.
903 3342 951 3388 Pro
963 3337 1057 3388 Archia
1072 3348 1157 3402 poeta,
1172 3353 1233 3405 pag.
1250 3343 1279 3389 16
1292 3349 1319 3390 et

333 3440 387 3492 seq.
402 3453 436 3464 -
448 3448 462 3472 a
474 3427 536 3478 ltine
548 3429 639 3478 Nation
653 3445 737 3480 waren
754 3430 790 3480 sie
806 3431 857 3496 (die
870 3431 1006 3497 Griechen)
1020 3433 1093 3482 nieht
1105 3433 1185 3494 mehr,
1201 3433 1255 3484 und
1271 3435 1319 3484 mit

334 3516 381 3566 der
406 3519 519 3570 Freiheit
542 3537 595 3570 war
618 3525 683 3571 auch
705 3522 748 3572 die
768 3523 996 3587 Erlindungsk'ralt
1019 3525 1073 3576 und
1092 3529 1137 3576 der
1160 3526 1232 3590 aigne
1254 3527 1316 3576 lut-

335 3608 455 3673 sohwung
481 3614 526 3661 des
548 3611 646 3662 Geistes
666 3615 819 3665 veriorem»
839 3641 870 3652 -
890 3619 930 3665 Fr.
952 3632 978 3664 v,
995 3617 1129 3681 Schlegel,
1154 3619 1245 3668 Gescb.
1271 3618 1317 3667 der

336 3700 410 3749 alten
420 3704 471 3750 und
482 3705 571 3752 Neuen
586 3703 733 3756 Litteratur.
751 3709 822 3756 Erste
834 3709 983 3771 Vorlesung.
1000 3725 1020 3758 s.
1037 3712 1077 3758 96.

334 3882 401 3932 elan.
415 3887 449 3932 De
462 3901 540 3938 mere.
553 3888 629 3938 cond.
646 3906 669 3951 p.
684 3894 743 3940 ato.

366 3975 377 4012 ³
394 3979 509 4028 Juvenal.
524 3981 576 4030 Sat.
591 3997 630 4030 ιιι.

367 4065 378 4100 ⁴
397 4067 464 4121 tttd.
