3324 5142
742 512 903 574 ..37-

324 664 476 728 magnos,
499 652 677 726 quantaque
691 643 806 706 amoris
829 641 1059 723 conspiratione
1082 631 1310 707 consentientes

324 752 424 815 tenuit
439 751 609 812 amicorum
625 749 774 830 greges¹t
784 749 937 810 Summam
954 765 1061 811 omnes
1076 749 1204 830 Epicuri
1218 769 1312 813 reve-

323 855 453 918 rentiam
469 854 614 938 prolessi,
630 857 697 936 ejus
713 853 877 934 imaginem
892 871 953 915 non
963 852 1056 916 modo
1071 853 1102 914 in
1114 853 1243 928 tabulis,
1256 856 1311 918 sed

323 961 415 1022 etiam
432 959 464 1020 in
480 957 601 1041 poculis
617 965 648 1020 et
663 959 696 1020 in
711 956 833 1019 annulis
848 957 1033 1020 habebant2.
1061 957 1144 1019 Nihil
1165 961 1232 1040 ejus
1253 959 1312 1021 viri

324 1064 451 1145 ingenio
466 1062 602 1126 conferri
616 1079 709 1144 posse
724 1063 968 1136 arbitrabantur,
985 1063 1102 1146 quippe
1117 1063 1171 1144 qui
1187 1083 1237 1126 res
1251 1083 1313 1126 oc-

325 1169 424 1232 cultas
440 1177 470 1232 et
489 1169 612 1250 penitus
636 1167 758 1231 abditas
776 1175 839 1238 uon
863 1168 957 1231 modo
971 1169 1101 1231 vidisset
1122 1169 1238 1241 animo,
1255 1167 1311 1228 sed

326 1277 417 1337 etiam
433 1275 478 1336 sic
492 1281 697 1338 tractassetut
711 1292 822 1347 manu3
837 1275 869 1336 in
883 1273 1022 1355 ipsorum
1039 1272 1167 1336 deorum
1183 1289 1311 1334 numero

325 1377 520 1442 referendum
543 1395 612 1440 eum
634 1396 701 1440 esse
717 1379 903 1460 ,putabantt
932 1379 1043 1442 Omnia
1066 1378 1133 1459 ejus
1154 1385 1312 1460 praecepta

325 1483 465 1564 plerique
487 1483 635 1545 memoria
651 1482 811 1556 tenebant,
827 1482 929 1544 nullus
953 1501 1016 1544 non
1033 1482 1206 1546 edidicerat
1223 1493 1312 1568 κυρίαε

262 1579 265 1584 ’
325 1591 411 1668 δόξας,
429 1583 531 1648 nullus
544 1603 607 1648 non
628 1593 777 1667 paruerat
796 1593 982 1650 testamento
995 1591 1084 1649 εἰκάδα
1105 1587 1312 1668 praecipienti.

325 1693 433 1772 ltaque
448 1709 543 1772 quum
560 1699 679 1756 caeterae
694 1682 932 1756 consenuissent
951 1693 1115 1765 doctrinae,
1137 1691 1312 1754 obsolevis-

325 1803 456 1878 sentque
467 1797 595 1876 Lyceus
607 1805 638 1858 et
653 1797 833 1869 Academia,
845 1797 978 1860 florebat
996 1799 1125 1872 Hortus,
1145 1804 1248 1866 εἰκάδας
1263 1819 1312 1862 oe-

324 1903 462 1965 lebrans.
487 1899 590 1973 Natali
614 1901 743 1981 Epicuri
763 1879 958 1981 vifflsima
983 1901 1057 1965 luna
1080 1905 1195 1966 mensis
1220 1923 1311 1985 quem

325 2009 452 2072 Graeci
446 2016 580 2092 ρερὼον,
594 2007 719 2069 Latini
708 2009 885 2089 januarium
907 2008 1067 2084 dixerunt,
1096 2011 1313 2074 sacrificabant
1336 1979 1586 2106 stum.

326 2114 482 2196 discipuli,
500 2114 656 2194 feriasque
671 2113 756 2176 omni
772 2131 878 2175 mense
893 2113 1137 2178 custodiebant⁴.
1158 2116 1215 2177 His
1237 2135 1312 2178 ver-

326 2219 375 2282 bis
390 2219 588 2284 Philodemus
604 2217 748 2281 Pisonem
760 2217 801 2280 ad
816 2217 941 2282 leudem
955 2218 1063 2284 invitat
1078 2241 1085 2279 :
1166 2255 1168 2260 η

425 2402 514 2470 Αὔριον
528 2405 559 2462 εἷς
573 2405 639 2458 λιτήν
654 2425 678 2453 σε
693 2401 809 2462 καλιάδα,
824 2402 921 2466 φίλτατε
938 2402 1036 2462 Πείσων,

455 2497 489 2554 Εξ
504 2497 589 2556 ε’νᾶτης
604 2497 661 2546 ἕλκει
674 2494 822 2561 μονσοφίλης
836 2493 937 2558 ἵτοιρος,

424 2587 513 2637 Εἶειᾶδοι
528 2585 658 2647 δειπνίζων
674 2583 803 2636 lutatium.
820 2583 874 2633 Εἶθ’
890 2583 1022 2652 ἀπαλείψῃς

461 2675 562 2726 olem
576 2676 616 2726 καλ
630 2675 735 2742 Βρομίου
749 2678 848 2740 χεογενῆ
855 2673 996 2740 πρόποσιν,

424 2757 480 2818 Ᾰλλ’
495 2769 592 2833 ἑταίρους
609 2766 661 2835 ὄψει
677 2765 841 2826 παναληθίας,
858 2763 906 2814 ἀλλ’
923 2763 1045 2831 ε’πακοῦσῃ

456 2860 560 2914 Φαιήκων
575 2859 644 2921 γαίης
657 2857 734 2918 πονλλε
747 2857 913 2924 ρελιχρὸτερα.

425 2935 457 3000 'tls
472 2949 502 3000 (λε’
513 2971 581 3000 ποτε
589 2949 692 3018 οτρέψῃς
706 2949 746 3000 καλ
761 2948 796 3014 ἔφ’
812 2948 885 3020 ἡμέας
901 2947 1009 3014 ἕρματα,
1025 2951 1126 3008 Πείσων,

465 3025 478 3046 ''
563 3043 569 3062 ε
637 3047 653 3060 η
690 3041 725 3060 ει
840 3039 848 3060 ε
896 3037 903 3072 ρ
949 3039 952 3042 ·

457 3043 544 3108 Αξορεν
560 3065 583 3091 ει
599 3044 663 3102 λιτης
677 3040 758 3091 εικαδοι
772 3061 887 3106 πιοτερην
910 3075 917 3090 .

365 3207 434 3267 Non
450 3206 579 3268 dubium
595 3207 671 3288 quin
689 3193 922 3268 discumberent
937 3205 969 3266 in
987 3204 1076 3266 istius
1102 3203 1187 3266 modi
1200 3179 1312 3268 convi-

326 3311 383 3374 viis
396 3312 607 3374 Romanorum
620 3330 714 3393 quum
729 3311 848 3391 ingenii
860 3311 927 3373 acie
941 3317 1005 3370 tum
1020 3308 1191 3371 litterarum
1212 3309 1311 3370 soien-

327 3417 368 3479 tia
382 3416 579 3479 nobilissimi.
597 3417 673 3480 Cum
688 3416 807 3494 Velleio
821 3418 1008 3496 Torquatus,
1031 3433 1101 3477 cum
1117 3415 1200 3476 Paeto
1216 3415 1309 3476 Pom·

326 3523 438 3602 pouius
463 3523 590 3586 Atticus.
617 3524 667 3585 Ad
692 3522 843 3586 Velleium
868 3529 1043 3584 senatorem
1069 3527 1133 3583 turn
1165 3521 1311 3602 Epicurei

359 3705 367 3738 ¹
382 3707 417 3754 De
429 3705 485 3754 lin.
498 3722 516 3764 r,
531 3721 553 3756 c.
569 3711 610 3757 90.

357 3795 421 3846 ²110
434 3796 488 3846 rin.
503 3813 525 3858 v,
545 3791 577 3847 t,

359 3887 370 3924 ³
385 3891 420 3938 De
434 3892 463 3939 ll.
479 3891 554 3939 Deor.
572 3907 589 3949 r,
604 3905 626 3940 c.
641 3892 670 3938 16
683 3896 708 3937 et
723 3891 761 3936 tt.

360 3977 371 4014 ⁴
386 3981 449 4029 Pliu.
469 3979 486 4030 l.
499 3997 574 4042 xxxv,
589 3985 646 4031 ml.

359 4070 371 4108 ⁵
385 4072 411 4120 S.
424 4074 541 4123 Cberdon
558 4071 590 4122 de
603 4073 628 4122 la
640 4065 771 4132 Rechette,
786 4070 922 4132 lle'langcs,
937 4078 946 4118 t
969 4087 986 4131 r,
1007 4085 1031 4132 p.
1045 4073 1102 4118 too,
