3324 5142
792 457 951 520 ...52-

377 586 469 650 batur
483 603 553 668 que.
578 583 675 648 Notus
696 586 786 648 ctiam
808 587 874 668 ejus
895 604 970 668 erga
987 567 1152 666 magistros
1168 591 1273 666 gratus
1293 585 1360 648 ani·

377 710 457 754 mus.
472 689 546 753 lllos
559 690 675 772 ubique
690 697 721 753 et
738 691 770 752 in
789 690 878 754 libris
893 698 924 753 el
942 691 973 752 in
986 689 1125 772 epistolis
1138 689 1248 752 'effert'
1263 685 1361 752 laudi·

377 796 445 860 bus.
461 795 529 871 Qua
544 794 640 875 igitur
651 800 751 857 mente
763 795 794 856 in
807 813 860 858 eos
875 813 944 858 esse
962 801 1084 877 poterat
1102 795 1232 877 quitum
1249 795 1361 858 imme-

377 919 480 964 mores
494 899 751 982 impudentesque
770 920 804 963 se
825 902 995 981 gerebant?
1051 925 1053 933 2

419 1007 580 1070 Generosa
595 1013 626 1066 et
638 1005 803 1086 magnilica
819 1006 961 1088 saplebat
981 1007 1090 1070 Cicero
1109 1008 1163 1088 qui
1181 1007 1363 1089 lianc-sepe

378 1114 588 1191 usurpabat·a
602 1109 731 1172 Platone
746 1111 918 1174 orationem
938 1131 945 1172 ι
964 1133 981 1171 «
998 1111 1087 1175 Non²
1100 1111 1191 1174 nobis
1205 1111 1280 1174 solis
1299 1111 1363 1173 nati

378 1236 396 1277 a
413 1235 531 1292 sumus,
546 1221 695 1296 ortusque
710 1217 807 1278 nostri
826 1225 946 1298 partem
958 1219 1060 1300 patria
1080 1219 1230 1292 vindicat,
1242 1225 1362 1300 partem

379 1343 397 1382 ιι
414 1323 519 1384 amici.
537 1343 554 1380 ιι
570 1323 678 1403 Longe
690 1319 779 1384 aliter
791 1322 967 1385 sentiebant
980 1322 1138 1405 Epicurei.
1150 1323 1361 1386 victitabant:

380 1429 541 1510 Sapientes
556 1428 658 1490 omnia
682 1446 738 1490 sua
754 1446 848 1491 causa
871 1427 992 1502 lacere;
1007 1429 1231 1510 rempublicam
1253 1447 1363 1512 capes-

380 1551 450 1596 sere
461 1533 616 1596 homiuem
628 1534 709 1596 bene
724 1550 833 1595 sanum
850 1551 913 1596 non
933 1539 1095 1614 oportere;
1108 1533 1183 1596 nihil
1203 1551 1271 1597 essa
1286 1529 1365 1614 pr'ae-

381 1638 523 1703 stabilius
543 1638 644 1700 otiosa
663 1638 725 1699 vita
748 1645 778 1699 et
792 1637 886 1718 plena
902 1643 932 1698 et
948 1636 1097 1700 conferta
1120 1636 1362 1720 voluptatibus⁸.

381 1744 579 1827 Voluptatem
595 1762 681 1813 vero,
699 1743 800 1806 Tullio
816 1749 904 1814 teste,
922 1751 1029 1806 ventre
1040 1744 1261 1815 metiebantur,
1273 1761 1365 1807 omne

381 1848 499 1913 bonum
523 1849 555 1912 in
577 1850 750 1914 visceribus
766 1848 972 1931 medullisque
991 1848 1193 1913 condentesl.
1211 1850 1275 1923 Sic,
1291 1848 1365 1922 ait⁶,

383 1962 412 2020 te
430 1956 497 2036 ipse
515 1956 642 2038 adjicies
659 1963 752 2038 atque
768 1962 959 2038 prosternes,
979 1962 1011 2017 ut
1026 1955 1101 2016 nihil
1116 1955 1198 2018 inter
1214 1959 1256 2029 te,
1272 1961 1365 2036 atque

382 2062 532 2144 pecudem
546 2061 680 2144 aliquam
696 2068 788 2142 putes
802 2061 971 2124 interesse?
981 2059 1210 2142 Quae‘quidem
1221 2059 1296 2122 mibi
1306 2079 1365 2123 vox

382 2166 538 2248 pecudum
553 2166 675 2230 videtur
690 2185 772 2239 esse,
789 2185 851 2229 non
867 2167 1035 2230 bominum.

424 2270 556 2344 Quantis
572 2271 668 2343 curis,
684 2278 801 2349 quanto
823 2271 1016 2335 alliciebatur
1032 2291 1178 2348 moerore,
1198 2291 1293 2354 quum
1310 2291 1364 2334 au·

385 2373 466 2438 diret
482 2376 598 2438 amieos
616 2374 750 2438 utilitate
763 2377 1003 2457 comparandos,
1022 2379 1127 2440 omnia
1143 2377 1308 2442 referenda
1326 2379 1366 2440 ad

385 2481 547 2542 utilitatem
564 2481 681 2544 snam⁷.
693 2481 725 2543 Si
741 2482 906 2544 amicitiam
923 2481 963 2545 ad
981 2482 1113 2545 fructum
1126 2491 1265 2546 nostrum
1281 2483 1366 2547 rele-

384 2606 466 2662 mus‚
484 2606 546 2650 non
565 2588 605 2650 ad
624 2587 706 2650 illius
729 2587 892 2650 commoda
914 2605 1006 2670 quem
1029 2587 1200 2668 diligimus,
1228 2606 1289 2651 non
1308 2589 1367 2651 erit

384 2697 443 2759 ista
463 2695 609 2770 amicitia,
625 2694 681 2758 sed
706 2701 878 2757 mercatura
894 2693 1037 2776 quaedam
1053 2691 1218 2755 utilitatum
1241 2701 1367 2756 nostra-

384 2818 467 2864 rum.
484 2799 575 2862 Prata
590 2805 621 2862 et
640 2817 715 2861 arva
739 2805 770 2862 et
792 2799 948 2879 pecudum
974 2816 1085 2878 greges
1110 2797 1283 2879 diliguntur
1308 2798 1369 2859 isto

385 2903 480 2968 modo
493 2905 578 2984 quod
595 2904 712 2966 fruetus
724 2923 762 2967 ex
776 2907 821 2967 eis
832 2904 1017 2986 capiuntur:
1037 2905 1194 2966 bominum
1210 2903 1324 2967 caritas
1337 2909 1368 2964 et

387 3010 522 3075 amicitia
533 3010 668 3092 gratuita
682 3017 739 3072 est.
758 3010 846 3072 l'une
860 3009 1042 3072 meminerat
1054 3010 1137 3072 exilii
1150 3017 1181 3073 et
1197 3011 1368 3073 litterarum

386 3134 465 3197 quas
481 3115 521 3178 ad
537 3115 672 3178 Atticum
689 3115 857 3196 scripserat
872 3137 879 3176 a
895 3137 912 3174 u
928 3115 996 3195 Ego
1015 3115 1102 3178 sime
1115 3116 1284 3197 aliqnando
1300 3133 1368 3176 ves-

386 3243 403 3280 u
422 3222 461 3283 tri
483 3230 514 3284 et
529 3221 638 3304 patn'ae
651 3227 824 3300 compotem
849 3221 973 3283 lortuna
999 3220 1116 3290 lecerit,
1132 3228 1214 3284 certe
1236 3219 1367 3282 efficiam

422 3379 430 3414 ¹
444 3381 507 3430 Vide
519 3382 549 3428 ad
562 3383 612 3428 rltt.
631 3395 660 3438 n,
674 3382 715 3440 ²⁰3
732 3377 810 3428 dead.
825 3395 853 3438 ιι,
867 3381 897 3439 3·,
910 3379 1010 3428 Tusuul.
1027 3395 1058 3437 ιι,
1070 3383 1116 3440 353
1132 3378 1168 3428 ad
1182 3381 1250 3427 brut.
1263 3393 1303 3440 ep.
1319 3381 1365 3438 89,

387 3472 469 3524 llead.
479 3473 521 3530 ta,
532 3477 574 3530 35,
587 3482 637 3524 etc.

419 3563 831 3626 2reason.eunonium.
936 3609 939 3618 ι

420 3655 489 3706 ³Pro
501 3657 587 3706 Sextio
600 3673 624 3707 c.
639 3661 680 3707 to.

420 3749 432 3787 ⁴
446 3751 519 3800 Tusc.
532 3750 551 3798 l.
570 3764 594 3805 ι,
609 3766 632 3799 e.
648 3753 671 3798 o.

421 3840 536 3891 ⁵Parad.
551 3858 569 3898 1,
583 3844 605 3890 1.

421 3931 534 3982 ιΡιιιιιά.
549 3949 567 3989 ι,
579 3946 603 3980 c.
616 3937 641 3982 3.

422 4021 524 4074 tuen.
538 4029 564 4074 l).
581 4029 602 4084 l,
621 4026 661 4074 ll.
