3324 5142
761 495 920 558 ...Μ-

344 644 441 690 uuum
457 626 590 708 excipies
611 627 752 689 Pisonem
777 627 807 687 in
823 644 914 707 quem
932 633 993 687 tam
1010 623 1206 688 vehementer
1222 625 1326 689 invec-

345 739 394 796 tus
410 737 457 794 661
469 731 599 807 Tullius,
617 731 768 794 neminem
784 731 1009 813 Epicureorum
1024 729 1161 811 reperies
1176 729 1232 793 hos
1249 732 1329 794 inter

344 836 535 918 voluptarios
556 836 750 918 designatum
766 854 897 916 quorum
917 854 1028 899 nomen
1049 835 1207 918 proverbii
1227 836 1329 899 locum

343 943 474 1005 obtinet.
489 943 607 1005 Bonum
623 961 733 1022 gertus,
744 941 876 1022 optimos
888 941 971 1004 viros
983 941 1098 1023 passim
1110 940 1246 1023 appellat
1257 943 1331 1024 Epi-

344 1065 454 1111 cureos
467 1047 596 1110 Tullius.
613 1047 756 1130 Plerique
772 1054 860 1111 erant
875 1059 904 1110 et
924 1049 954 1109 in
971 1047 1108 1110 amicitia
1128 1046 1235 1110 fideles
1250 1053 1281 1110 et
1297 1049 1328 1110 in

343 1151 428 1214 omni
442 1153 504 1215 vita
521 1159 696 1216 constantes
712 1158 742 1215 61
758 1170 882 1233 graves,
898 1170 955 1214 nec
970 1151 1139 1233 voluptate,
1155 1150 1209 1214 sed
1226 1149 1329 1215 officio

344 1255 474 1319 consilia
497 1256 725 1319 moderantes¹.
750 1255 811 1318 atii
828 1255 975 1330 honores,
994 1254 1193 1336 magistratus
1215 1255 1330 1318 ambie-

344 1363 430 1439 bant,
458 1362 510 1424 alii
532 1362 682 1426 doctrinae
702 1362 801 1442 magis
824 1361 1024 1424 consentanei
1047 1369 1077 1424 et
1095 1374 1130 1444 μή
1149 1369 1329 1425 πολιτεύεσθαι

343 1466 446 1548 potius
461 1465 621 1538 ducentes,
640 1465 671 1528 in
688 1465 847 1548 praediolis
862 1472 892 1527 et
912 1464 992 1528 belle
1011 1465 1170 1529 aedifieatis
1185 1474 1216 1530 et
1232 1485 1329 1529 amoe-

343 1569 391 1632 nis
407 1577 528 1652 tempus
542 1570 774 1634 consumebant.
795 1571 843 1633 lbi
861 1570 1033 1650 legebatur,
1054 1570 1327 1651 scribebaturque3

343 1677 470 1740 miniata
495 1659 609 1741 caerula
633 1677 731 1740 libros
757 1677 927 1740 amicorum
956 1675 1108 1740 notabant
1133 1684 1162 1740 et
1185 1677 1329 1760 palestrae

343 1780 713 1861 deambulationibnsque
729 1781 888 1844 ‘vacabant
900 1781 920 1841 ².
940 1781 1015 1844 lllos
1029 1781 1207 1844 invisebant
1224 1783 1327 1856 amici,

343 1893 373 1948 61
386 1893 461 1949 tunc
483 1886 585 1967 rapidi
602 1885 697 1948 fluere
713 1885 789 1947 dies.
808 1885 899 1948 Nunc
911 1887 1018 1966 jocosa
1033 1876 1227 1966 congressio,
1245 1906 1328 1951 nunc

343 2008 460 2053 severa.
478 1993 565 2071 Saepe
585 1990 624 2053 de
650 1991 784 2052 amicitia
800 1989 1029 2072 disputabatur,
1052 2007 1136 2072 saepe
1154 1990 1194 2052 de
1212 1991 1328 2055 linibus

243 2157 247 2160 .
342 2097 462 2159 boniet
477 2096 562 2172 mali,
579 2096 627 2159 vel
641 2097 680 2159 de
696 2104 807 2159 natura
827 2098 962 2158 Deorum
977 2116 1031 2158 seu
1050 2104 1148 2181 ἑταῖροι
1160 2097 1191 2158 in
1203 2097 1327 2180 pratulo

341 2225 439 2289 prope
458 2207 585 2290 Epicuri
605 2215 750 2281 statuam,
767 2226 820 2270 seu
835 2206 867 2268 in
883 2206 935 2270 illa
953 2207 1097 2270 sedecula
1120 2209 1178 2270 sub
1193 2208 1327 2289 imagine

341 2313 526 2386 Aristotelis,
543 2331 635 2393 quam
648 2312 731 2376 sallae
741 2312 840 2375 curuli
852 2312 1079 2383 anteferebant,
1095 2313 1247 2378 sederent.
1264 2313 1327 2378 Nee

340 2415 401 2478 illae
422 2417 597 2480 omittendae
624 2415 754 2479 coenulae
776 2435 872 2497 quas,
895 2435 957 2478 non
981 2417 1176 2497 spernendus
1204 2423 1324 2491 auctor,

338 2522 434 2602 jactat
449 2521 577 2583 Tullius.
596 2523 641 2584 En
654 2521 702 2582 his
716 2522 867 2595 moribus,
883 2521 1007 2591 merito,
1022 2519 1053 2581 ni
1067 2520 1169 2596 fallor,
1193 2521 1327 2585 conclu-

340 2626 396 2690 das
413 2627 513 2690 nullas
529 2646 583 2690 eos
593 2627 720 2690 delicias
735 2627 797 2688 illis
808 2626 1021 2708 voluptatibus
1033 2633 1224 2708 anteponere
1235 2625 1326 2688 fuisse

340 2731 448 2795 solitos
462 2750 532 2814 quae
553 2738 655 2794 essent
667 2731 815 2814 jucundae
833 2749 869 2794 ac
890 2729 1010 2802 faciles,
1027 2738 1209 2810 naturaeque
1225 2738 1256 2792 et
1269 2750 1327 2793 ra-

339 2834 417 2897 tioni
432 2835 562 2898 maxime
579 2835 798 2898 consentirent.
818 2835 919 2910 Quum
941 2835 982 2896 ita
1004 2835 1136 2916 pecunia
1151 2841 1324 2905 uterentur,

341 2938 383 3002 nil
407 2939 523 3000 mirum
543 2939 568 3001 si
592 2939 623 3001 in
644 2939 830 3021 quibusdam
854 2939 1024 3001 litterarum
1045 2943 1143 3002 amori
1164 2939 1325 3002 facultates

340 3041 518 3124 adaugendi
542 3043 676 3106 studium
703 3045 885 3118 accederet3
915 3061 973 3107 neo
996 3043 1055 3106 erit
1083 3041 1169 3123 quod
1198 3049 1323 3122 stupens

339 3167 434 3229 quum
450 3149 506 3212 tibi
523 3149 664 3212 narrabit
679 3149 841 3213 Cornelius
857 3151 972 3232 Nepos,
994 3150 1029 3210 T.
1044 3149 1249 3231 Pomponium
1266 3153 1325 3214 At-

338 3253 445 3326 ticum‚
462 3271 613 3316 summum
635 3255 826 3336 antiquitatis
846 3261 1016 3318 amatorem
1035 3272 1126 3334 quem
1144 3271 1228 3335 saepe
1244 3273 1325 3317 con-

339 3357 461 3436 sulebat
476 3357 606 3434 Tullius,
629 3378 692 3423 non
707 3361 928 3441 contempsisse
943 3377 1028 3440 opes.
1051 3359 1151 3433 Quum
1173 3367 1256 3421 esset
1272 3379 1325 3440 pe·

337 3460 496 3536 cuniosus,
515 3483 605 3527 nemo
619 3463 673 3527 illo
692 3463 749 3526 fuit
771 3465 873 3526 minus
894 3482 994 3535 emax,
1014 3464 1114 3526 minus
1137 3463 1321 3540 aedificator,

338 3567 394 3630 sed
409 3569 571 3650 pecuniam
590 3569 709 3632 foenore
722 3577 752 3633 et
765 3577 851 3634 certa
865 3566 1065 3650 stipulatione
1082 3567 1233 3632 credebat
1245 3587 1321 3632 can·

338 3671 465 3748 didatis,
483 3674 537 3754 qui
553 3673 700 3756 populum
714 3672 818 3737 effusis
833 3671 1049 3752 largitionibus
1062 3673 1239 3756 captabant.

372 3929 380 3964 ¹
397 3931 497 3982 belin.
513 3945 541 3990 n,
557 3950 579 3983 c.
595 3937 636 3984 25.

370 4024 382 4060 ²
397 4024 490 4076 Passim
503 4026 529 4077 in
542 4026 657 4093 epistolis
669 4025 754 4078 Tullii.
