3324 5142
726 506 916 600 faa-

342 643 460 723 primas
483 659 521 704 ex
544 641 648 704 latinis
663 643 841 706 hominibus
868 643 1079 706 deferebant.
1106 644 1196 726 illum
1213 647 1325 726 togatis

342 746 487 808 omnibus
509 743 576 808 sine
596 747 693 809 dnbio
713 747 905 818 anteferebat
924 749 965 812 L.
978 747 1126 824 Crassus,
1153 755 1183 810 et
1209 763 1325 830 paucos

342 871 412 914 oum
435 851 488 914 illo
512 852 685 934 Epicureos·
707 871 724 914 e
750 852 868 915 Graecia
890 853 1123 934 comparabat&
1150 854 1196 914 lta
1225 854 1327 916 fidelis

328 957 434 1020 -Horti
453 958 582 1020 aemulus
596 967 674 1032 erat,
690 963 724 1020 ut
737 959 823 1039 prius
839 959 989 1039 suntquis
1005 958 1044 1020 de
1060 960 1144 1020 omni
1160 961 1232 1022 vitae
1244 967 1327 1022 statu

343 1077 436 1144 quam
453 1064 492 1125 de
507 1063 565 1125 ista
582 1065 766 1126 auctoritate
787 1062 980 1144 dejecisset³.
995 1057 1160 1124 Iudicabat
1180 1064 1270 1126 Cotta
1286 1065 1329 1126 de·

343 1188 376 1232 re
390 1170 525 1233 obscura
536 1175 629 1250 alque
640 1161 822 1231 difficillima
832 1167 1002 1248 aliquando
1017 1169 1057 1230 ab
1070 1167 1124 1230 illo
1136 1168 1250 1234 dictum
1260 1184 1326 1231 esse

342 1272 491 1347 dilucide,
502 1288 603 1353 neque
617 1273 775 1335 sententiis
791 1272 889 1334 solu-m
900 1273 1039 1353 copiose,
1052 1272 1107 1335 sed
1122 1275 1225 1335 verbis
1235 1275 1326 1334 etiain

344 1381 482 1454 ornatel,
500 1379 586 1441 illum
601 1386 701 1440 tamen
719 1377 837 1439 Tullius
855 1378 885 1438 in
899 1378 1123 1441 exercitatione·
1134 1379 1326 1442 dicendiruss

344 1483 591 1548 dombabebat⁵.

383 1593 574 1670 Torquatum
590 1606 652 1649 non
675 1593 738 1650 tam
761 1588 823 1650 cito
841 1588 996 1650 rhetorem
1011 1587 1159 1662 dixisses,
1186 1590 1242 1651 otsi
1263 1601 1329 1653 non

344 1695 452 1758 deerat
466 1695 578 1767 oratio,
596 1681 700 1774 quani,
719 1701 754 1754 nt
769 1693 870 1756 Graeci
885 1694 1068 1771 dicanti
1018 1702 1068 1756 ποι
1071 1701 1159 1757 treats.
1179 1697 1302 1760 Erant
1293 1713 1327 1761 m

337 1785 380 1865 'eo
395 1801 536 1884 plurimae
545 1800 667 1873 litterae,
685 1819 742 1864 nec
758 1816 802 1863 eae
800 1797 969 1894 vulgares,
987 1803 1041 1864 sed
1057 1800 1221 1865 interiores
1236 1799 1327 1885 qliae

343 1907 416 1970 dam
432 1914 462 1970 et
477 1907 663 1980 reconditam
681 1869 985 1982 uivtnffibnoria,
978 1913 1098 1970 summa
1113 1907 1278 1970 vorborum
1297 1897 1328 1970 el

67 1967 268 2036 mum
207 1991 312 2090 m&
344 2011 481 2092 gravitas
491 2019 521 2074 et
532 2011 700 2092 elegantia
718 2011 997 2091 atquebaecomma
1011 2012 1081 2074 vrtae
1091 2011 1261 2075 deeo'rabat
1273 2012 1328 2073 dr

344 2118 447 2198 gnilas
461 2121 492 2178 ot
506 2115 698 2196 integritas⁶

383 2224 484 2284 Paetus
501 2229 563 2284 tam
577 2217 678 2284 dulcis
693 2227 772 2294 erat,
788 2209 912 2302 tamque
930 2223 962 2282 in
978 2224 1062 2282 omni
1077 2237 1191 2302 genere
1209 2215 1328 2304 jucnn-

343 2329 415 2400 dus,
429 2335 463 2389 ut
479 2328 519 2390 ab
541 2327 685 2390 omnibus
706 2327 901 2408 diligeretur.
921 2326 1122 2388 Accedebant
1136 2347 1200 2390 non
1215 2329 1325 2402 Attici,

342 2433 399 2496 sed
415 2433 561 2496 salsiores
580 2451 672 2513 quam
687 2433 733 2494 illi
750 2431 935 2503 Atticorum,
950 2431 1084 2492 Romani
1097 2437 1215 2492 veteres
1236 2438 1330 2512 atque

342 2540 458 2602 urbani
471 2539 560 2602 sales.
578 2539 655 2600 Eum
671 2558 765 2621 quum
779 2537 912 2612 videret,
925 2555 1033 2600 omnes
1051 2535 1200 2611 Granios,
1220 2555 1327 2599 omnes

341 2646 489 2720 Lucilios,
506 2645 635 2708 Crassos
660 2663 785 2726 quoque
797 2651 828 2708 et
843 2644 953 2707 Laelios
968 2643 1029 2706 sibi
1045 2637 1150 2706 videre
1164 2643 1328 2706 videbatur

343 2751 473 2813 Tullius.
490 2751 605 2812 Praeter
621 2751 749 2824 Paetum,
769 2749 922 2812 neminem
945 2749 1100 2830 reliquum
1126 2749 1303 2822 babebat,'
1295 2767 1326 2810 ιιι

342 2875 405 2938 quo
427 2865 534 2992 posset
554 2855 719 2936 imaginem
744 2855 880 2936 antiquat
905 2862 936 2917 et
963 2856 1139 2972 vernacule
1155 2855 1330 2919 festivitatis

344 2959 549 3042 agnoscere⁷

383 3067 417 3128 T.
435 3067 625 3148 Pomponius
644 3066 777 3151 Atticus,
793 3068 841 3128 vir
853 3067 980 3144 ingenio
995 3067 1116 3147 pollens
1129 3075 1159 3130 et
1171 3067 1255 3130 omni
1268 3085 1328 3147 ge-

344 3190 418 3236 nere
442 3171 619 3235 divitiarum
644 3170 793 3245 affluens,
820 3181 911 3251 aequo
938 3172 1042 3234 animo
1070 3173 1166 3235 libros
1190 3173 1270 3235 inter
1298 3180 1328 3234 et

343 3276 506 3339 schedulas
529 3277 693 3341 facultates
708 3295 779 3338 suas
795 3276 981 3356 adaugebat.
1001 3277 1074 3340 Mox
1096 3275 1226 3339 solerter
1245 3282 1325 3336 tem-

378 3482 434 3533 ¹De
447 3488 504 3534 Nat.
516 3488 591 3534 liuor.
605 3501 624 3548 r,
638 3501 660 3534 c.
675 3489 704 3534 6·.·

376 3574 468 3626 2Ιὶιὶιί.
482 3591 509 3644 c.
520 3581 562 3626 m.

375 3664 387 3702 ³
401 3666 467 3717 ibid.
480 3683 503 3716 c.
517 3669 560 3717 24.

376 3755 387 3794 ⁴
402 3757 468 3808 ibid.
483 3773 506 3809 c.
524 3762 565 3809 m.

376 3849 436 3900 ⁶Da
450 3853 520 3902 Orat.
533 3867 572 3912 ur,
588 3867 610 3901 e.
626 3858 666 3902 at.

374 3941 435 3994 ⁶lte
453 3944 491 3994 Gl.
505 3947 575 3994 Orat.
590 3948 631 3994 76.

376 4033 439 4085 ldd
452 4039 522 4085 Fam.
538 4052 572 4095 rx,
595 4041 637 4084 ta.
