3324 5142
746 431 903 494 -us-

331 587 348 624 n
365 565 427 628 lum
441 581 568 626 summm
582 562 763 644 reipublicae
778 561 1022 634 demonstrabat,
1043 561 1103 622 nisi
1118 560 1158 624 ad
1175 547 1314 642 eupdrio-

330 692 347 729 s
364 689 428 733 rem
448 667 703 732 consuetudinem
719 673 793 742 tum,
807 687 902 749 quum
918 669 1073 731 Favonius
1088 669 1199 742 flaret,
1214 687 1315 732 rever·

332 797 349 831 u
365 776 468 836 tisses.
491 773 560 835 lloc
574 779 713 854 tempore
729 772 794 834 lieri
810 791 913 855 posse,
932 773 957 834 si
975 771 1054 834 forte
1069 779 1101 834 tu
1121 773 1218 854 frigus
1234 773 1315 836 ierre

331 898 347 935 u
366 895 428 939 non
447 895 564 957 posses.
593 876 665 950 Sed,
691 876 883 950 mehercule,
905 877 947 938 mi
965 878 1064 949 Poete,
1090 883 1175 939 extra
1197 879 1314 959 iocum,

330 1002 348 1040 n
364 1000 474 1044 moneo
488 988 531 1052 te,
545 980 631 1062 quod
645 981 802 1062 pertinere
816 982 857 1044 ad
870 982 960 1045 beata
975 982 1141 1045 vivendum
1160 982 1314 1054 arbitron

332 1105 349 1142 n
366 1091 400 1144 ut
413 1102 482 1146 cum
495 1083 569 1145 viris
582 1084 685 1155 bonis,
702 1085 860 1166 jucundis,
874 1086 1050 1149 amantibus
1062 1085 1107 1147 tui
1120 1086 1213 1148 vivas.
1232 1086 1315 1148 Nihil

332 1209 348 1246 n
365 1189 467 1269 aptius
490 1189 579 1262 vitae3
595 1188 672 1250 nihil
694 1191 734 1252 ad
755 1191 844 1253 beate
859 1191 1024 1253 vivendum
1039 1189 1311 1254 accommodatius.

333 1313 350 1352 n
367 1294 432 1356 Nec
448 1294 480 1356 id
505 1294 545 1357 ad
566 1294 754 1376 voluptatem
778 1295 896 1369 reiero,
925 1296 980 1358 sed
998 1296 1036 1358 ad
1066 1293 1316 1358 communitatem

332 1400 439 1462 »vitm
462 1406 554 1481 atque
573 1401 691 1492 ¹victus,
722 1401 996 1481 remissionemque
1023 1401 1214 1471 animorum;
1247 1419 1316 1480 quae

332 1526 349 1565 n
365 1505 496 1568 maxime
510 1523 652 1568 sermone
669 1505 800 1569 eflicitur
815 1504 972 1579 familiari,
987 1507 1042 1588 qui
1059 1515 1105 1568 est
1119 1505 1150 1567 in
1168 1505 1317 1569 conviviis

332 1631 348 1669 n
367 1609 584 1683 dulcissimus,
610 1615 644 1670 ut
668 1609 838 1690 sapientius
869 1610 968 1673 nostri
994 1619 1086 1692 quam
1118 1611 1241 1686 Graeci3
1273 1612 1318 1676 illi

334 1740 350 1774 n
365 1723 512 1796 συμπόσια,
528 1721 581 1778 aut
596 1719 747 1786 σύνδειπνα,
762 1714 795 1776 id
811 1707 1115 1797 est'eompotationes
1131 1721 1184 1778 aut
1195 1733 1319 1779 concoe·

332 1842 349 1880 n
368 1823 523 1894 nationes,
540 1839 597 1883 nos
612 1821 766 1897 convivia,
784 1819 869 1900 quod
885 1827 948 1881 tum
966 1820 1097 1883 maxime
1113 1821 1238 1882 vivitur.
1256 1821 1318 1882 Vi—

332 1946 349 1986 »
366 1927 422 1990 des
432 1933 466 1988 ut
477 1933 506 1989 te
517 1925 769 2007 philosophando
779 1943 926 1990 revocare
935 1943 1031 1988 coner
1039 1927 1078 1987 ad
1087 1927 1318 2000 coenastCura,

333 2050 350 2090 n
367 2029 573 2094 utralcas.ld
584 2029 659 2092 ioris
669 2028 849 2091 coenitando
861 2027 1005 2091 facillime
1017 2047 1219 2110 consequere.
1231 2051 1247 2087 n
1261 2029 1318 2091 His

333 2138 365 2195 in
379 2133 512 2196 coenulis
526 2134 617 2214 genio
632 2133 838 2212 indulgebant
852 2139 882 2195 et
896 2153 1038 2214 persaepe
1053 2135 1222 2197 amicorum
1238 2134 1320 2214 lege-

332 2239 448 2302 bantur
462 2257 569 2320 opera.
585 2239 655 2300 Non
672 2256 708 2300 ea
728 2246 829 2300 tamen
846 2256 968 2319 semper
983 2239 1141 2301 Ciceronis
1156 2247 1223 2301 erat
1237 2247 1320 2300 tem-

332 2344 495 2425 perantia3
511 2343 693 2406 continuata
708 2341 877 2421 aliquando
893 2342 974 2404 inter
987 2342 1120 2424 scyphos
1137 2349 1319 2406 controver-

333 2447 465 2510 siacum
483 2464 539 2508 suo
557 2443 715 2519 Trebatio,
733 2445 858 2508 domum
873 2445 953 2508 bene
967 2455 1059 2527 potus
1077 2465 1210 2526 seroque
1226 2447 1320 2510 redit.

333 2551 402 2614 Non
416 2568 575 2631 nunquam
588 2547 661 2612 dum
673 2548 783 2612 volunt
794 2549 844 2610 isti
858 2549 933 2610 lauti
947 2569 1016 2631 quae
1027 2550 1095 2632 lege
1105 2557 1233 2633 excepta
1248 2560 1321 2614 sunt

333 2659 366 2720 in
385 2655 535 2720 honorem
550 2655 725 2729 adducere,
741 2655 873 2735 fungos,
891 2654 1059 2730 helvellas,
1077 2657 1191 2719 herbas
1212 2676 1321 2720 omnes

333 2761 376 2822 ita
391 2760 552 2834 condiunt,
570 2768 604 2821 ut
624 2759 699 2822 nihil
719 2761 818 2842 possit
832 2779 900 2824 esse
912 2764 1059 2836 suavius3
1077 2761 1109 2823 in
1125 2763 1208 2842 quas'
1224 2781 1319 2844 quum

334 2864 494 2926 incidisset
513 2866 546 2926 in
561 2882 652 2926 coena
671 2865 813 2946 augurali
838 2867 921 2948 apud
942 2868 1123 2942 Lentulum,
1141 2875 1226 2932 tanta
1251 2889 1319 2932 eum

334 2975 452 3054 διὰρῥοια
479 2967 610 3050 arripuit
632 2976 667 3030 ut
687 2988 782 3049 quum
805 2971 919 3034 decem
934 2970 1000 3034 dies
1018 2972 1083 3052 jam
1110 2973 1245 3052 graviter
1271 2973 1320 3034 in-

335 3077 454 3140 testinis
479 3063 651 3138 laborasset
674 3081 705 3136 et
728 3075 857 3137 biduum
879 3076 922 3138 ita
944 3078 1070 3158 jejunus
1093 3076 1212 3149 fuisset,
1229 3083 1263 3137 ut
1281 3095 1321 3139 ne

335 3199 449 3262 aquam
468 3181 594 3260 quidem
610 3186 760 3260 gustaret,
776 3181 941 3244 undecima
956 3181 1007 3244 dic
1020 3182 1154 3262 primum
1166 3181 1322 3243 videretur

336 3285 678 3368 coepisseconsistere¹.

376 3393 440 3456 Nec
454 3391 561 3454 llomae
583 3379 702 3454 tantum
716 3409 785 3455 cum
801 3391 962 3472 Epicureis
984 3391 1167 3454 versabatur
1188 3389 1316 3454 Tullius.

337 3495 411 3559 lllos
423 3515 507 3580 saepc
519 3503 605 3560 extra
617 3499 726 3562 urbem
739 3496 902 3560 invisebat.
919 3497 1080 3579 Neapolim
1091 3494 1249 3579 proiectus
1262 3506 1321 3572 cst,

337 3599 368 3661 in
393 3619 473 3682 qua,
499 3600 633 3682 pedibus
654 3601 820 3678 laborans,
847 3603 973 3684 jacebat
993 3603 1110 3664 Poetus.
1131 3600 1187 3663 Cui
1210 3585 1321 3683 jocans

337 3722 424 3768 moro
437 3723 494 3767 suo
510 3705 667 3769 scribebat
684 3727 692 3766 ε
708 3707 854 3770 constitui
863 3707 905 3784 ad
922 3714 951 3770 te
965 3707 1083 3782 venire,
1094 3713 1129 3768 nt
1141 3713 1172 3770 et
1184 3707 1321 3771 viderem

372 3937 380 3971 ¹
397 3939 435 3989 hd
449 3943 519 3990 Fam.
536 3955 584 3998 ru,
594 3942 635 3990 26.

304 4882 832 5114 ,Ἴ
