3324 5142
770 521 929 582 ...10-

357 648 421 711 lent
432 648 604 712 trabebant
620 649 762 712 llodeste
773 650 899 731 quidem
917 651 1125 714 familiaritate
1139 651 1193 715 illa
1207 671 1282 714 usus
1292 663 1339 718 est

356 756 443 828 Tiro,
460 773 523 818 non
546 761 648 818 autem
673 757 800 818 Statius.
822 755 1003 818 Inimicitias
1016 763 1136 836 patrem
1160 758 1242 819 inter
1253 766 1285 820 et
1303 760 1339 820 li-

356 861 443 934 lium,
454 861 598 924 maritum
610 863 691 924 inter
701 869 732 924 et
743 879 870 924 uxorem
883 860 1018 934 fovebat,
1035 861 1061 920 si
1074 879 1112 922 ex
1126 859 1219 922 Tullii
1228 861 1340 924 litteris

354 967 531 1048 conjectare
552 966 637 1029 lieet¹
660 967 700 1029 Se
715 967 809 1028 rebus
824 967 916 1028 etiam
932 965 1071 1047 publicis
1091 965 1162 1045 plus
1173 983 1265 1046 aequo
1276 967 1341 1028 im-

354 1069 520 1140 minuebat,
539 1078 569 1132 et
585 1069 659 1132 iude
684 1069 777 1130 Tullii
802 1069 906 1132 dolor.
931 1070 983 1132 Sin
1008 1070 1091 1132 enim
1113 1069 1156 1134 ad
1178 1069 1305 1132 fratrem
1328 1092 1339 1130 .·

356 1175 479 1251 «Quod
500 1184 602 1240 autem
617 1196 666 1240 me
683 1179 812 1238 maxime
832 1194 957 1239 movero
971 1177 1103 1251 solebat,
1116 1195 1211 1258 quum
1227 1177 1340 1240 audie·

356 1301 373 1339 n
390 1279 462 1342 bam
477 1281 606 1344 Statium
623 1280 693 1362 plus
709 1279 793 1362 npud
819 1288 849 1342 te
864 1299 969 1360 posse,
987 1299 1080 1360 quam
1095 1281 1233 1361 gravitas
1251 1281 1340 1342 istius

353 1406 371 1444 n
387 1388 525 1452 aetatiset
535 1387 656 1470 imperii
666 1386 1131 1468 prudentinpostulnret3quam
1140 1386 1339 1449 multosenim

355 1509 372 1550 n
388 1509 506 1554 mecum
522 1492 622 1572 egisse
636 1497 740 1572 putas,
755 1499 790 1551 ut
803 1509 837 1552 ss
852 1491 949 1552 Statio
960 1489 1340 1564 commendarem‘lQuam

355 1595 484 1658 »multa
503 1603 605 1658 autem
621 1595 723 1674 ipsum
736 1603 834 1674 ἀφελῶς
848 1613 967 1658 meeum
987 1596 1019 1657 in
1037 1615 1180 1658 sermone
1201 1597 1243 1658 ita
1263 1615 1339 1677 pro·

354 1719 371 1760 n
390 1699 507 1772 tulisse,
524 1698 558 1762 id
570 1699 646 1762 mitt
657 1720 719 1762 non
730 1700 865 1780 placuit,
881 1700 998 1774 monui,
1016 1699 1112 1772 suasi,
1134 1698 1270 1762 deterrui
1281 1706 1300 1760 ¹.
1322 1720 1338 1756 n

395 1805 459 1868 Neo
472 1823 510 1868 ea
531 1804 630 1868 solum
647 1805 799 1868 libertinis
813 1807 999 1880 auetoritas;
1020 1823 1104 1885 saepe
1121 1807 1269 1885 majorem
1286 1805 1341 1866 iu-

354 1909 447 1990 genul
461 1910 661 1990 usurpabant.
683 1912 762 1974 Suus
778 1912 858 1974 enirn
872 1913 984 1992 cuique
1000 1913 1140 1974 Romano
1155 1909 1293 1980 Graecus,
1306 1908 1339 1968 iu

354 2014 448 2087 urbe,
470 2015 501 2076 in
522 2014 742 2095 legationibus,
760 2016 791 2078 in
808 2018 945 2080 castriae
964 2016 1056 2098 Apud
1074 2015 1266 2080 Dolabellam
1288 2014 1341 2076 rti-

353 2121 428 2194 eins,
443 2121 528 2202 apud
544 2122 696 2182 Caesarem
717 2121 949 2202 Theopompus,
967 2123 1051 2204 apud
1075 2123 1253 2202 Pompeium
1268 2120 1340 2200 plu·

353 2227 465 2289 timum
479 2233 601 2308 poterat
611 2226 827 2309 Theophanes.
844 2227 1071 2307 ETheophane
1085 2226 1341 2308 expiscaturTul-

353 2330 425 2404 lius,
441 2347 576 2414 quonam
589 2331 693 2393 animo
709 2332 748 2393 sit
762 2330 981 2394 Alabaneuest
999 2331 1163 2410 Pompeius
1175 2331 1341 2392 videbatur

354 2435 386 2498 in
403 2435 585 2516 Hispaniam
608 2441 692 2497 certe
714 2435 829 2508 iturus;
857 2433 942 2515 quod
968 2451 1063 2514 qnurn
1087 2432 1189 2495 Tullio
1213 2431 1341 2493 minime

354 2539 554 2622 probaretur,
569 2539 751 2622 Theophani
767 2538 856 2602 facile
872 2539 1027 2620 persuasit
1051 2536 1128 2598 nihil
1151 2555 1218 2598 esse
1231 2535 1341 2598 melius

353 2662 446 2726 quam
460 2662 612 2726 nusquam
628 2643 713 2706 illum
730 2643 892 2708 discedere
903 2663 912 2720 ς
925 2650 967 2715 et,
984 2660 1055 2722 quae
1070 2648 1137 2703 erat
1152 2640 1254 2702 Graeei
1267 2658 1340 2702 aue·

354 2749 474 2820 toritas,
486 2748 547 2812 sibi
563 2749 637 2812 satis
653 2758 813 2812 assecutus
828 2767 897 2812 esse
909 2747 1085 2820 videbatur,
1096 2747 1123 2810 si
1134 2745 1340 2827 Theophanes

354 2853 574 2916 incumberetl.

392 2958 510 3022 Graecis
529 2959 641 3022 referta
663 2965 752 3022 erant
767 2960 905 3042 Pompeii
919 2968 1048 3034 eastra,
1072 2961 1125 3040 qui
1143 2959 1247 3022 omnia
1267 2958 1342 3019 diri·

353 3064 470 3148 gebant
484 3065 628 3140 consilia,
643 3071 674 3128 et
688 3065 714 3129 si
726 3066 796 3146 quis
808 3066 882 3128 inde
897 3065 1055 3147 profectus
1072 3068 1199 3128 'Romam
1211 3063 1342 3135 rediret,

353 3169 384 3234 id
400 3170 440 3233 ab
462 3191 499 3235 eo
515 3173 674 3253 praecipue
689 3171 899 3252 querebatur,
918 3189 989 3251 quae
1005 3171 1127 3232 Graecla
1143 3168 1339 3250 loqueretur,

352 3291 423 3355 quae
441 3273 685 3356 Theophanes⁵l
701 3276 765 3338 Nee
790 3283 894 3338 tamen
918 3276 1009 3338 nimis
1036 3274 1206 3356 exquiratd
1222 3271 1341 3334 Grauis

353 3378 537 3459 Pompeius:
564 3379 690 3444 fallaces
715 3387 787 3441 sunt
808 3379 951 3461 permulti
977 3388 1008 3442 et
1028 3379 1112 3442 leves
1136 3384 1166 3439 et
1189 3376 1337 3439 diuturna

353 3485 499 3546 servitute
524 3483 564 3546 ad
590 3484 714 3546 nimiam
734 3485 975 3546 assentationem
1005 3480 1144 3546 erudiat
1175 3482 1263 3562 Saepe
1288 3499 1340 3544 me

387 3613 394 3647 ¹
414 3612 452 3662 hd
465 3613 552 3672 Quini.
569 3615 628 3664 luat.
647 3632 664 3676 ι,
681 3630 723 3682 ep.
736 3621 760 3666 2.

385 3703 396 3738 ²
414 3703 541 3754 Plutarch.
559 3705 663 3768 passim,
678 3706 702 3755 in
718 3711 787 3758 Brut.
805 3709 829 3757 in
843 3711 939 3759 buruli,
956 3719 996 3760 etc
1012 3748 1018 3770 ,
1036 3723 1086 3760 eun.

386 3793 397 3832 ³
416 3813 445 3856 u,
457 3812 496 3859 ep.
513 3801 551 3856 17,
567 3801 602 3848 ad
621 3803 673 3848 att.

388 3887 398 3923 ⁴
416 3907 440 3947 v,
454 3905 494 3951 ep.
512 3893 597 3948 11,Αά
613 3894 666 3941 att.

386 3983 398 4022 ὅ
416 3983 464 4034 ed.
479 3987 530 4034 au.
545 4001 591 4044 vu,
608 4001 647 4046 ep.
665 3989 702 4034 18.

386 4076 398 4114 θ
415 4080 450 4128 Ad
469 4077 554 4140 Quint.
569 4080 624 4128 l'rat.
641 4093 658 4139 ι,
673 4093 712 4140 ep.
732 4081 754 4127 t.
