3324 5142
770 485 930 546 ..39-

353 622 484 704 poribus
502 611 616 693 utetur,
633 623 664 680 et
681 610 818 678 inbellis
837 611 979 676 civilibus
996 628 1117 694 semper
1137 628 1205 674 cum
1221 611 1337 676 victore

353 725 606 809 conjunctissime
617 720 821 785 versabitur¹.

393 831 507 894 Aderat
520 827 661 911 prolecto
676 829 830 909 preterea
842 825 881 886 L.
896 823 1049 898 Saufeius,
1064 813 1160 904 eques
1178 840 1334 900 romanus,

351 935 513 1017 Pomponii
533 932 682 1014 aeqnnlis,
698 931 752 1012 qui
773 949 842 993 oum
856 948 894 992 eo
906 928 1082 1008 complures
1098 921 1216 1000 annos,
1234 927 1337 992 studio

351 1041 462 1104 ductus
482 1037 689 1121 philosophice
705 1035 873 1109 habitavit,
896 1033 1094 1114 habebatque
1107 1033 1139 1094 in
1155 1029 1244 1095 Italia
1260 1051 1338 1114 pre-

350 1139 445 1210 tiosas
469 1142 702 1226 possessiones,
726 1159 824 1221 quas,
852 1143 959 1202 euersa
974 1137 1146 1220 republica,
1161 1153 1222 1218 ope
1243 1138 1338 1202 Attici

350 1244 581 1321 conservavit²3
605 1245 709 1308 Catius
734 1245 883 1320 Insuber,
901 1243 1008 1306 Gallus
1025 1243 1149 1324 Sanga,
1174 1244 1339 1306 Lucretius

349 1355 402 1418 ille
417 1371 487 1418 cum
503 1351 648 1416 Memmio
663 1363 734 1425 suo,
749 1367 841 1431 quem
856 1350 998 1413 versibus
1016 1347 1206 1426 nobilitavit;
1224 1349 1336 1413 Vibius

349 1460 464 1531 Pansa,
479 1457 534 1537 qui
548 1457 679 1537 posthac
693 1453 856 1537 provincia
871 1453 1041 1516 Galliarum
1057 1473 1075 1516 a
1094 1449 1214 1516 Caesare
1232 1449 1336 1518 dona-

349 1572 412 1635 tus,
428 1561 576 1624 eminebit
590 1561 671 1622 inter
688 1556 836 1620 tumultus
852 1557 994 1620 Antonii.
1009 1557 1110 1632 Quum
1130 1576 1166 1618 ex
1182 1557 1260 1622 urbe
1274 1577 1336 1640 pa-

348 1664 472 1729 ludatus
494 1665 722 1747 proficiscetur,
738 1664 824 1744 quud
846 1662 958 1726 multos
979 1659 1111 1726 miseriis
1123 1659 1287 1737 levaverit,
1305 1670 1336 1724 et

348 1767 433 1849 quod
457 1787 491 1831 se
512 1769 545 1830 in
565 1769 659 1833 tantis
676 1767 765 1832 malis
789 1767 946 1830 hominem
969 1766 1159 1848 praebuerit,
1186 1765 1335 1830 mirabilis

348 1891 417 1936 eum
444 1872 582 1936 virorum
604 1873 758 1934 bonorum
794 1870 1011 1934 benevolentia
1036 1869 1270 1952 prosequetnr³.
1295 1872 1333 1932 ln

347 1977 432 2054 bello
443 1977 526 2040 civili
538 1977 622 2059 apud
635 1977 799 2052 Mutinam,
809 1991 872 2038 non
883 1970 949 2039 sin'e
958 1975 1070 2040 veneni
1082 1977 1271 2056 suspicione,
1288 1978 1331 2038 in-

347 2081 453 2144 teribit
467 2071 675 2145 desideratus.
692 2065 929 2144 accumbebant
946 2082 1039 2144 etiam
1052 2081 1140 2144 Plato
1151 2081 1330 2154 Sardianus,

347 2188 385 2248 L.
404 2187 505 2250 Varus
529 2194 560 2250 et
572 2187 703 2250 Verrius
721 2186 800 2268 juris
821 2185 972 2267 pontificii
994 2186 1132 2267 peritus;
1157 2185 1333 2268 dignusque

346 2291 468 2354 caeteris
486 2309 549 2353 uon
572 2291 648 2366 vita,
668 2290 724 2353 sed
744 2308 871 2371 genere,
885 2291 919 2352 L.
937 2289 1123 2372 Calpurnius
1139 2291 1225 2368 Piso,
1238 2311 1332 2373 quem

346 2401 392 2458 tot
403 2401 434 2457 et
445 2395 539 2457 tantis
554 2395 680 2476 probris
690 2393 794 2459 affecit
808 2379 940 2456 Tullius.

385 2501 457 2561 Mor
469 2499 601 2561 aderunt
614 2499 752 2572 Cassius,
765 2499 820 2579 qui
835 2499 868 2560 in
879 2499 998 2580 campis
1021 2499 1203 2581 philippicis
1219 2500 1331 2565 volun·
1354 2483 1355 2486 ¹

344 2603 424 2666 teria
439 2611 539 2667 morte
554 2603 661 2679 cadet,
677 2603 841 2666 Trebatius
855 2621 947 2684 quem
970 2605 1088 2665 amicus
1101 2604 1243 2667 consulet
1259 2606 1331 2668 Ho-

344 2709 454 2771 ratius.

384 2815 484 2876 Lauta
498 2813 603 2876 hercle
618 2830 725 2878 mensa
740 2820 797 2889 est,
818 2813 941 2894 qualem
959 2813 1049 2878 decet
1068 2833 1136 2878 esse
1154 2816 1332 2898 Epicureo-

343 2939 426 2995 rum,
442 2939 500 2984 nec
515 2927 618 2984 tamen
633 2929 741 2989 ventre
753 2928 872 2986 tuntum
884 2941 953 3004 qnae
963 2924 1108 2988 advitam
1121 2925 1244 2989 beatam
1261 2946 1331 3008 per-

343 3026 462 3110 tineant
483 3025 658 3100 metientes,
682 3027 792 3108 jocosa
808 3035 838 3088 et
859 3043 982 3088 amoena
1006 3026 1258 3092 confabulatione
1279 3030 1332 3094 de-

342 3129 505 3194 lectantur.
524 3131 708 3210 Magistrum
724 3129 869 3193 laudibus
883 3131 1014 3198 efferunt
1028 3150 1121 3212 quem
1138 3133 1332 3197 arbitrantur

346 3254 441 3298 unum
455 3235 572 3298 vidisse
590 3255 715 3309 verum,
736 3237 938 3320 maximisque
966 3236 1125 3300 erroribus
1140 3237 1261 3300 animos
1276 3239 1332 3302 bu-

345 3342 462 3403 minum
479 3341 676 3418 liberavisse,
688 3351 719 3406 et
732 3343 837 3405 omnia
848 3342 1016 3406 tradidisse
1025 3361 1096 3426 qnae
1103 3344 1281 3425 pertineant
1292 3345 1332 3408 ad

345 3448 426 3510 bene
442 3449 593 3529 beateque
608 3447 773 3510 vivendum
784 3448 804 3508 ⁴.
828 3446 918 3509 illum
941 3453 1015 3508 tunc
1039 3448 1199 3530 praecipue
1221 3449 1333 3514 intelli-

346 3559 423 3632 gunt
437 3553 547 3615 merito
562 3551 701 3616 dixisse:
722 3553 856 3616 omnium
878 3568 992 3625 rerum,
1010 3568 1089 3632 quas
1109 3552 1149 3614 ad
1172 3551 1262 3616 beate
1281 3553 1333 3616 vi-

380 3727 388 3763 l
404 3733 479 3780 (loru.
495 3734 586 3792 Nepos.
601 3735 635 3781 De
645 3735 696 3782 Ait.

378 3819 390 3854 2
402 3822 480 3871 Coro.
492 3825 553 3884 Nep.
571 3822 631 3873 ibid.

379 3905 391 3943 ³
405 3907 443 3958 Ad
457 3912 527 3960 Fam.
545 3927 588 3972 xv,
604 3915 643 3961 17.

334 4059 336 4064 Ι
379 3998 442 4049 ⁵De
454 3999 508 4052 iio.
523 4019 541 4061 r,
557 4019 580 4053 c.
594 4008 618 4054 5.
