3324 5142
771 534 931 594 ..12-

357 663 440 726 tione
461 663 614 725 adversus
626 663 657 724 L.
676 661 762 744 Calp.
784 663 949 726 Pisonem:
967 685 986 726 o
1001 661 1058 724 Est
1072 660 1200 744 quidem
1218 663 1347 728 tlraecus

358 767 602 847 (Philodemus),
619 768 675 848 qui
693 785 765 830 cum
787 769 848 832 isto
863 769 1004 849 (Pisone)
1021 768 1110 844 vivit,
1135 769 1246 846 homo,
1268 787 1344 834 vere

356 881 390 936 nt
403 873 517 950 dicam,
532 875 578 938 sic
590 873 671 938 enim
685 875 829 954 cognovi,
845 875 1010 950 humanus,
1024 873 1080 936 sod
1093 873 1221 950 tamdiu,
1233 893 1341 956 quam·

356 977 411 1040 diu
424 997 494 1042 cum
507 980 577 1042 aliis
589 986 714 1054 estant
727 985 796 1064 ipse
816 999 919 1044 secum
922 1023 983 1042 .....
1001 981 1031 1043 la
1049 980 1138 1044 dedit
1157 1001 1190 1045 se
1211 979 1244 1044 iu
1268 997 1343 1043 con-

356 1084 563 1160 suetudinem,
580 1087 625 1149 sic
643 1093 678 1148 ut
691 1105 821 1169 prorsus
836 1105 900 1149 una
921 1087 1051 1161 viverat,
1064 1105 1122 1150 nec
1141 1085 1208 1152 lere
1225 1086 1267 1149 ab
1282 1085 1347 1150 isto-

356 1207 493 1271 unquam
512 1191 700 1256 discederet.
716 1192 927 1254 Admissarius
944 1193 1020 1264 istc,
1037 1192 1239 1273 simulatque
1255 1190 1343 1253 audi·

357 1295 446 1369 vit,a
462 1295 651 1380 philosopho
662 1296 854 1380 voluptatem·
865 1304 1028 1378 tantopere
1046 1297 1181 1372 laudari,
1198 1295 1277 1358 nihil
1290 1314 1343 1358 cx-

356 1399 495 1480 piscatus
510 1407 578 1464 est:
595 1402 643 1465 sio
664 1421 737 1464 suos
758 1420 869 1465 seusus
884 1401 1074 1483 voluptarios
1091 1419 1199 1466 omues
1225 1400 1346 1463 ircim

356 1506 417 1584 vit,
432 1507 478 1570 sic
493 1507 533 1570 ad
544 1507 627 1570 illius
642 1507 725 1570 hanc
740 1507 913 1570 orationem
926 1504 1090 1582 adhinniit,
1101 1511 1135 1566 ut
1149 1524 1213 1568 nou
1228 1506 1344 1586 magis·

357 1621 438 1674 trum
452 1612 583 1686 virtutis,
598 1611 654 1674 sed
673 1617 830 1672 auctorem
844 1609 984 1673 libidinis
1000 1627 1018 1672 a
1034 1629 1067 1672 se
1081 1609 1167 1672 illum
1182 1612 1345 1674 inventum

357 1722 575 1786 arbitraretur.
600 1722 729 1784 Groecus
750 1720 852 1802 primo
871 1719 1063 1800 distinguere
1087 1727 1180 1800 atque
1201 1719 1345 1784 dividere
1437 1738 1445 1750 ’

357 1827 427 1900 illa,
451 1827 712 1910 quemadmodum
733 1826 913 1890 dicerentur
930 1847 938 1886 ι
955 1826 1014 1889 iste
1029 1825 1161 1890 claudus
1183 1823 1347 1908 quomodo

358 1935 461 2008 aiunt,
476 1933 589 2014 pilam;
602 1932 736 1995 retinere
752 1931 837 2012 quod
852 1937 1036 2013 acceperat,
1055 1931 1228 2004 testificari,
1245 1930 1343 1994 tabu-

358 2039 404 2100 las
419 2038 708 2119 obsignauevelle...
724 2037 807 2112 Quid
819 2037 937 2099 multat
952 2037 1080 2098 Graecus
1094 2034 1194 2098 facilis
1209 2041 1240 2098 ot
1251 2035 1342 2098 valde

358 2150 516 2218 venustus,
536 2143 625 2204 nimis
640 2160 764 2223 pugnax
779 2149 888 2204 contra
904 2149 1078 2204 senatorem
1094 2139 1204 2222 populi
1219 2141 1348 2204 romani

358 2266 427 2310 esse
444 2247 556 2309 noluit.
570 2247 626 2308 Est
641 2253 741 2308 autem
763 2245 961 2308 Philodemus
982 2262 1044 2310 non
1061 2245 1260 2326 philosophia
1285 2266 1342 2310 so-

338 2349 438 2424 lum,
455 2349 511 2412 sed
528 2351 620 2412 etiam
639 2348 750 2412 litteris
765 2349 948 2432 perpolitus.
969 2349 1083 2411 Poema
1098 2367 1193 2430 porro
1210 2349 1284 2413 lacit
1300 2351 1348 2414 ita»

341 2470 343 2474 ·
358 2453 510 2530 festivum,
524 2455 566 2518 ita
581 2454 782 2528 concinnum,
797 2454 840 2518 ita
854 2454 994 2535 elegans,
1018 2453 1095 2516 nihil
1106 2459 1140 2516 ut
1157 2453 1224 2526 fieri
1244 2455 1344 2538 possit

358 2560 512 2642 argutius.
535 2563 571 2624 ln
589 2579 652 2642 quo
676 2559 883 2640 reprehendat
905 2577 975 2622 eum
1000 2559 1090 2637 licet,
1109 2561 1135 2622 si
1162 2561 1218 2642 qui
1241 2560 1348 2638 volet,¹

358 2667 451 2730 modo
463 2647 583 2739 leviter,
601 2683 663 2728 non
678 2652 891 2746 utimpurum,
905 2682 967 2728 uon
981 2671 1016 2731 ut
1030 2666 1221 2748 improbum,
1234 2685 1297 2730 non
1308 2674 1342 2730 ut

359 2771 519 2847 audacem,
536 2771 595 2834 sed
606 2777 641 2834 ut
654 2770 843 2844 Graeculum,
858 2775 892 2831 ut
906 2776 1141 2843 assentatorem,
1157 2777 1191 2834 ut
1204 2779 1339 2854 poetam.

359 2877 557 2940 Revocarese
568 2895 629 2940 nou
641 2884 763 2957 poterat
774 2876 981 2938 familiaritate
993 2877 1186 2958 implicatds3
1204 2885 1235 2940 ct
1250 2877 1345 2940 simul

359 2981 574 3044 inconstantiae
594 2980 704 3043 lamam
719 2981 895 3044 verebatur.
909 2975 1062 3060 Rogatus,
1077 2981 1237 3056 invitatus,
1252 2999 1348 3044 coact-

359 3097 421 3160 tus,
437 3087 481 3150 ita
496 3086 591 3150 multa
609 3085 651 3148 ad
670 3085 762 3148 istum
777 3087 816 3149 de
832 3087 891 3150 isto
906 3085 1046 3167 scripsit,
1061 3093 1095 3148 ut
1116 3103 1222 3150 omues
1237 3085 1343 3146 homi-

360 3191 408 3254 nis
423 3191 586 3265 libidines,
609 3189 715 3254 omnia
730 3207 888 3254 coenarum
905 3207 1021 3270 genera
1048 3190 1345 3268 conviviorumque,

359 3297 512 3360 adulteria
530 3296 665 3377 denique
679 3298 757 3378 ejus,
778 3295 1007 3359 delicatissimis
1020 3293 1163 3358 versibus
1178 3311 1341 3375 expresse-

360 3402 454 3463 rit...
480 3401 542 3476 Qui
561 3402 587 3462 si
612 3401 720 3464 luisset
743 3401 775 3462 in
801 3401 956 3482 discipulo
978 3400 1191 3483 comparando
1215 3397 1348 3462 meliore

360 3507 503 3580 lortuua,
518 3505 648 3568 fortasse
659 3506 813 3568 austerior
824 3514 855 3568 et
867 3506 991 3586 gravior
1001 3525 1068 3568 csse
1082 3504 1241 3586 potuisset.
1258 3524 1275 3563 ιι

400 3611 444 3674 Ex
468 3611 533 3674 istis
549 3609 640 3672 Tullii
660 3611 775 3688 verbis,
802 3630 859 3675 nec
877 3612 971 3675 alium
994 3612 1033 3675 dc
1053 3612 1145 3692 hujus
1166 3608 1347 3692 philosophi

360 3716 498 3779 moribus
516 3724 623 3779 testem
646 3717 730 3798 apud
750 3724 867 3780 veteres
891 3717 1052 3790 habemus,
1081 3699 1235 3796 conjicere
1258 3714 1345 3786 licet,

361 3840 455 3902 quum
470 3821 641 3903 praesertim
654 3839 724 3883 mor
744 3839 813 3884 eum
828 3823 976 3904 optimum
990 3821 1146 3884 hominem
1159 3820 1240 3882 idem
1255 3829 1347 3884 vocet

360 3935 478 4001 orator,
489 3926 712 4003 Philodemum,
727 3935 760 3990 ut
775 3947 837 3992 nou
851 3927 982 3990 alienum
997 3946 1127 4009 prorsus
1141 3945 1158 3990 a
1174 3928 1344 3990 communi-

361 4033 420 4094 bus
439 4033 505 4095 istis
525 4052 595 4114 quas
612 4033 831 4115 descripsimus
850 4034 1029 4096 Graeorum
1052 4033 1145 4106 vitiis,
1170 4032 1215 4096 sic
1242 4039 1344 4094 tamon
