3324 5142
426 1138 528 1212 Quum
554 1135 598 1198 sic
629 1135 885 1216 conjunctissime
908 1153 978 1197 cum
1009 1135 1171 1216 Epicureis
1195 1143 1371 1198 versaretur

386 1241 504 1304 Tullius
518 1247 548 1303 et
567 1240 637 1302 illos
652 1240 785 1321 optimos
802 1243 884 1302 viros
908 1247 938 1302 et
951 1242 982 1300 in
1002 1241 1135 1303 amicitia
1156 1240 1262 1303 fideles
1282 1249 1313 1304 et
1336 1243 1369 1305 in

387 1348 471 1412 omni
486 1347 547 1408 vita
563 1352 740 1408 constantes
754 1353 915 1424 etgraves,
941 1363 998 1406 nec
1010 1344 1180 1425 voluptate,
1195 1345 1249 1407 sed
1267 1344 1369 1408 officio

385 1454 515 1517 consilia
531 1453 727 1514 moderantes
740 1458 935 1531 agnosceret,
948 1450 1031 1512 unde
1048 1451 1102 1512 illa
1118 1449 1288 1531 pertinacia
1307 1469 1369 1530 qna

382 1559 474 1620 Horti
497 1557 607 1627 libros,
634 1555 869 1634 doctrinamque
895 1557 1159 1635 prosequeretur?
1192 1556 1291 1636 llujus
1324 1558 1369 1618 rei

383 1660 487 1723 multae
502 1658 666 1721 exstabant
678 1675 789 1719 causae.

416 1765 590 1844 'Praeceptis
612 1757 697 1824 'enim
723 1761 955 1825 dialecticorum
980 1771 1010 1824 et
1030 1773 1187 1826 oratorum
1213 1765 1304 1826 etiam
1325 1766 1370 1826 sic

383 1887 497 1952 parens
514 1877 548 1930 ut
560 1869 682 1950 legibue
695 1871 716 1944 ¹,
740 1886 824 1948 aegre
846 1867 964 1932 ferebat
982 1869 1100 1932 Tullius
1112 1870 1178 1932 haeo
1192 1870 1233 1931 ab
1249 1871 1370 1951 Epicu-

384 1975 445 2038 reis
464 1974 630 2037 contemni.
646 1965 803 2056 ¹Epicurus
821 1973 849 2036 ei
866 1993 928 2035 non
942 1975 1016 2036 satis
1028 1975 1143 2056 politus
1163 1993 1230 2036 esse
1245 1974 1368 2037 videtur

382 2083 420 2144 iis
433 2081 564 2153 artibus,
583 2099 661 2162 quas
679 2081 733 2160 qui
748 2088 864 2152 tenent,
877 2080 989 2143 eruditi
1008 2081 1238 2162 appellantur².
1260 2069 1367 2144 Totam

382 2186 433 2248 hic
447 2187 528 2248 enim
550 2184 743 2248 dialecticam
765 2185 886 2257 irridet,
904 2184 983 2246 tollit
1007 2184 1213 2259 definitiones,
1238 2185 1315 2247 nihil
1329 2184 1369 2248 de

383 2291 552 2354 dividendo
576 2297 606 2352 et
620 2289 785 2370 partiendo
803 2289 895 2351 docet
914 2309 922 2349 ι
944 2307 1006 2351 non
1023 2289 1183 2368 ¹quomodo
1205 2287 1366 2361 efficiatur,

383 2394 650 2476 concludaturque
669 2393 748 2456 ratio
764 2393 879 2467 tradit;
900 2411 962 2456 non
987 2411 1048 2473 qua
1071 2393 1121 2454 via
1144 2393 1283 2474 captiosa
1299 2393 1367 2455 sol-

382 2505 505 2574 vantur,
522 2499 667 2580 ambigua
678 2499 909 2580 distinguantur
923 2496 1093 2560 ostendit⁸.
1105 2495 1187 2570 Quin
1199 2495 1291 2557 etiam
1304 2496 1367 2559 dis-

381 2609 492 2686 putant
505 2605 663 2686 Epicurei,
686 2604 761 2666 nihil
781 2623 860 2686 opus
880 2622 948 2666 esse
965 2605 1008 2674 ei,
1022 2603 1077 2683 qui
1094 2601 1299 2684 philosophus
1314 2604 1367 2666 fu-

381 2717 469 2770 turus
480 2709 531 2782 sit,
542 2710 621 2772 seire
632 2709 751 2772 litteras
762 2708 773 2743 ⁴
783 2729 792 2784 ;
803 2726 860 2770 nec
870 2706 964 2769 ullam
975 2713 1071 2769 artem
1084 2724 1218 2769 essenec
1227 2706 1366 2782 dicendi,

382 2834 440 2878 nec
454 2813 642 2888 disserendi,
664 2820 773 2895 putant
787 2813 806 2872 ⁵.
827 2811 1015 2874 Profitentur
1040 2811 1099 2892 ipsi
1125 2827 1159 2872 se
1180 2829 1281 2893 neque
1296 2812 1367 2874 die-

380 2921 490 2994 tinete,
512 2937 612 2998 neque
631 2918 807 2994 distribute,
825 2936 927 2998 neque
942 2917 1112 2998 eleganter,
1134 2916 1235 2998 neque
1257 2925 1366 2981 ornate
1422 2986 1424 2990 ,

381 3026 532 3089 scribere.
551 3023 635 3086 Nihil
650 3041 758 3086 revera
772 3024 857 3086 olent
870 3042 907 3086 ex
919 3021 1099 3096 Academia,
1115 3021 1191 3083 nihil
1202 3040 1240 3084 ex
1252 3023 1363 3104 Lyceo,

382 3125 510 3188 nihilne
524 3143 541 3186 e
553 3123 725 3206 puerilibus
741 3122 865 3204 quidem
879 3121 1053 3201 disciplinis
1062 3122 1087 3181 ⁶.
1101 3121 1251 3185 Mandane
1262 3127 1365 3184 autem

381 3245 568 3310 quemquam
582 3229 693 3291 litteris
715 3227 918 3309 cogitationes
935 3245 1020 3303 suas,
1037 3229 1092 3310 qui
1112 3246 1165 3291 eas
1179 3245 1238 3291 nec
1253 3227 1366 3310 dispo-

381 3351 469 3404 nere,
483 3352 541 3397 nec
551 3333 705 3396 illustrare
716 3333 825 3415 possit,
843 3351 901 3395 nec
911 3332 1114 3397 delectatione
1126 3333 1230 3414 aliqua
1240 3331 1365 3398 allicere

414 3568 519 3623 ¹Acad.
536 3585 590 3630 1,c.
606 3575 630 3619 Ξ.

411 3659 474 3711 ²lle
487 3662 542 3711 rin.
558 3677 577 3718 1,
588 3677 610 3711 c.
627 3667 651 3709 7.

412 3751 471 3804 8lle
485 3751 543 3804 rin.
559 3769 578 3810 r,
591 3767 613 3803 c.
627 3759 652 3802 7.

412 3841 423 3879 ⁴
438 3846 472 3894 lle
483 3842 536 3893 rin.
550 3859 579 3903 11,
594 3847 618 3893 t.

410 3934 516 3988 ⁵Aeetd.
529 3953 545 3994 ι,
562 3951 586 3985 c.
599 3939 623 3986 2.

412 4023 470 4077 ⁶lte
481 4029 540 4076 ilat.
553 4030 582 4076 Ι).
594 4043 613 4085 ι,
626 4041 649 4075 c.
666 4029 707 4076 26.
