3324 5142
773 485 931 549 ..53-

357 639 374 678 ι
391 625 426 680 ut
443 615 693 680 maxime'laelere
713 635 794 678 uuus
810 635 847 679 ex
862 617 1007 679 omnibus
1022 617 1165 680 amicir...
1187 616 1218 682 Si
1232 634 1338 700 quan-

357 743 374 782 ιι
389 730 453 785 lum
465 738 514 786 me
525 740 611 784 amau
622 729 653 784 et
666 725 788 795 amasti,
803 730 920 784 lantum
930 721 1158 786 amaredeleres
1172 743 1208 785 ur
1220 721 1339 786 deluis·

357 849 450 902 nsee,
470 837 628 909 nunquam
653 845 737 891 esses
751 845 882 908 pausus,
907 845 975 900 me,
1001 845 1064 908 quo
1086 833 1118 890 lu
1134 828 1338 902 abundabas,

359 951 481 1016 »egere
497 934 697 998 oonsilio.....
720 934 812 1010 Quod
836 933 953 996 meritis
976 933 1052 996 meis
1077 932 1247 1014 perlectum
1270 951 1339 995 esse

357 1041 510 1122 enotuit,
535 1046 567 1101 ut
591 1040 659 1102 dies
682 1035 836 1102 eluentes
859 1039 934 1120 quid
953 1031 1028 1100 mihi
1046 1031 1221 1101 laciendum
1236 1043 1337 1113 esset,

274 1226 277 1232 .
355 1146 555 1226 irrugimus,
579 1145 611 1207 id
636 1146 693 1208 abs
712 1151 753 1216 le,
774 1161 856 1219 meu,
871 1161 933 1206 uun
950 1151 1002 1206 tuo
1018 1141 1337 1226 seelerepraetermis-

356 1272 373 1310 ιι
388 1268 456 1313 sum
469 1258 583 1314 esu...
603 1251 706 1314 Meam
721 1243 884 1314 uiuentium
897 1267 1023 1323 accuso,
1041 1249 1126 1331 quod
1141 1267 1160 1312 a
1175 1256 1205 1312 ta
1216 1253 1337 1311 tautum

330 1340 334 1348 ’
356 1358 502 1431 namuri,
513 1363 663 1438 quantum
679 1373 739 1436 ago
754 1345 864 1418 vellem
877 1350 996 1435 putari.
1014 1374 1033 1411 ι

395 1461 444 1525 Ne
459 1468 623 1543 parentum
647 1460 772 1542 quidem
795 1465 974 1541 organales
995 1458 1193 1522 dilectionem
1217 1458 1338 1539 proba-

354 1567 432 1629 bant
444 1566 599 1648 Epicurei.
619 1569 695 1630 Eam
711 1586 749 1630 ex
761 1565 986 1630 consuetudine
999 1571 1030 1626 at
1046 1582 1104 1626 usu
1117 1582 1178 1626 non
1193 1582 1211 1626 e
1228 1570 1338 1626 natura

355 1671 430 1734 oriri
452 1667 664 1746 affirmabant3
689 1671 762 1734 inde
785 1687 924 1732 rumores
942 1675 973 1732 el
988 1668 1151 1732 calumniae
1174 1668 1340 1732 Tulliolam

355 1777 500 1838 deamare
517 1776 697 1853 Ciceronem
714 1783 744 1838 et
758 1775 819 1838 hou
831 1773 916 1836 illum
932 1780 1016 1836 carle
1030 1780 1192 1836 monuerat
1206 1773 1333 1836 Atticus.

354 1879 463 1960 ltaque
481 1886 589 1960 postea
604 1879 763 1943 scribebat
782 1879 900 1941 Tullius
920 1878 1037 1941 amicu¹
1054 1899 1093 1939 r«
1114 1879 1224 1942 Filiola
1240 1885 1293 1942 lua
1310 1884 1339 1940 le

356 2005 373 2042 ιι
388 1984 537 2048 delectari
557 1985 645 2050 laetor
667 1993 698 2047 et
713 1985 841 2066 probari
856 1984 929 2059 libi,
952 1997 1060 2066 φυσικὴν
1078 2003 1146 2047 ease
1170 1996 1215 2051 τὴν
1230 1992 1338 2068 apice&

356 2110 373 2147 ιι
388 2095 472 2150 τέκνα.
491 2089 617 2151 Etenim·
634 2089 660 2150 ei
681 2089 747 2151 lraec
768 2105 830 2150 uon
844 2095 902 2162 est,
921 2087 1005 2150 nulla
1020 2095 1123 2171 puteal
1138 2087 1256 2150 homini
1271 2107 1339 2150 esse

355 2213 373 2252 ιι
390 2194 431 2256 ad
443 2193 598 2258 hominem
613 2201 732 2257 naturae
746 2193 916 2276 adjunctio,
934 2211 996 2275 qua
1009 2193 1143 2266 sublata,
1157 2192 1226 2254 rilae
1241 2193 1340 2256 socie-

355 2321 372 2361 ιι
389 2301 581 2365 las'tollitur.
599 2319 617 2362 ιι
1070 2317 1073 2324 ·

394 2405 573 2468 'fallebatur
587 2405 679 2466 eliam
692 2404 840 2478 futurum,
851 2405 943 2490 etilla
957 2406 1068 2468 eolalia
1078 2419 1147 2486 qrrae
1163 2425 1199 2468 ex
1214 2407 1340 2468 immur-

354 2509 481 2574 talitatis
496 2529 563 2592 epa,
577 2509 691 2572 amissa
705 2508 849 2582 Tulliola.
863 2508 989 2572 haurire
1006 2510 1124 2572 solebat
1139 2511 1262 2573 Cicero.
1281 2511 1341 2572 Ea-

355 2616 505 2679 sultantes
516 2616 597 2678 enim
607 2615 808 2688 dicebautue,
824 2633 918 2696 quum
935 2622 1054 2697 tempus
1069 2616 1337 2689 mulierarium,

358 2727 437 2782 lotos
453 2739 521 2783 esse
533 2720 717 2800 periturosl.
741 2719 859 2782 Tullius
872 2727 982 2783 contra
997 2728 1124 2783 mortem
1141 2717 1340 2803 portunr'pa-

356 2832 455 2886 ratum
472 2825 562 2888 nubis
576 2831 607 2887 et
618 2823 791 2906 perfugium
805 2825 965 2906 putabut¹.
986 2849 1003 2886 u
1017 2826 1087 2901 Quo
1101 2845 1196 2908 quum
1213 2827 1340 2889 veneri-

357 2947 477 3000 ιιιιιιι,
499 2929 618 3003 aiebat,
645 2937 709 2990 tum
722 2928 858 3010 denique
880 2930 1029 3008 vivemus,
1044 2949 1115 2994 nam
1132 2930 1199 2994 uaee
1213 2931 1338 3010 quidem

299 3039 374 3092 ²»
389 3035 452 3096 vila
467 3035 571 3096 mors*
588 3041 675 3097 est.»

396 3141 496 3216 Quum
512 3146 661 3221 praeterea
684 3140 724 3202 ad
740 3147 830 3224 πρᾶξιν
850 3141 955 3203 omnia
975 3143 1080 3203 Rumae
1101 3140 1285 3213 tenderent,
1302 3157 1338 3200 aa

356 3244 482 3307 minima
492 3242 621 3326 probari
631 3249 753 3325 poterat
769 3245 870 3308 Tullio
885 3263 949 3308 non
963 3245 1102 3307 animosa
1118 3245 1270 3308 sententia
1281 3262 1339 3325 pre

356 3369 418 3432 qua
438 3367 500 3413 uun
515 3350 545 3410 iu
565 3354 690 3422 senatu,
716 3368 778 3412 nun
804 3349 834 3412 in
854 3349 1018 3417 concione.
1037 3367 1099 3412 non
1116 3349 1200 3430 apud
1214 3348 1339 3410 exerei-

356 3464 437 3526 lum,
461 3473 561 3535 neque
576 3453 659 3536 apud
675 3473 819 3518 censores
839 3454 943 3516 dicere
959 3453 1026 3516 ausi
1040 3463 1143 3518 essent
1158 3452 1303 3535 Epicurei
1313 3455 1333 3511 ⁸.

391 3658 459 3717 1ιιι,
473 3661 498 3706 2.

389 3745 401 3780 Ἰ
416 3749 489 3796 Tunc.
503 3764 522 3806 ι,
536 3751 578 3798 il.

390 3834 492 3896 ³1bid.,
504 3842 543 3888 49.

389 3926 476 3978 libid.
494 3933 532 3980 33Δ

388 4018 484 4071 lause.
499 4037 540 4081 ιιι,
557 4041 579 4074 c.
599 4029 638 4074 ll.
