3324 5142
744 448 904 509 ...35-

804 705 843 766 1¹1.

379 935 448 996 Non
469 925 570 995 Graeci
596 939 713 994 tantum
736 933 864 1014 Epicuri
881 933 1035 995 rationem
1054 934 1211 996 Romanos
1224 933 1324 996 dooe-
1350 969 1354 977 ·

338 1039 426 1112 hant,
447 1057 510 1120 quo
525 1045 664 1118 temporo
685 1037 806 1098 vivebat
825 1029 957 1100 Tullius.
977 1037 1045 1099 Jam
1066 1037 1153 1098 muiti
1173 1043 1263 1100 erant
1284 1039 1324 1101 de

337 1150 398 1211 hac
411 1149 554 1211 doctrina
577 1147 649 1214 libri
667 1145 772 1221 latini,
795 1146 850 1208 sed
867 1147 974 1229 scripti
992 1147 1221 1209 inconsiderate
1233 1165 1323 1210 neca

336 1255 415 1316 satis
440 1252 595 1318 eruditis¹.
625 1253 744 1314 Primus
769 1271 836 1314 eam
864 1251 974 1314 litteris
999 1252 1105 1314 latinis
1128 1251 1324 1314 mandavisse

340 1360 461 1422 videtur
478 1359 659 1420 Amafinius.
674 1359 748 1421 Post
765 1358 950 1420 Amafinium
969 1357 1057 1424 multi
1070 1358 1208 1440 ejusdem
1223 1358 1324 1420 aemuii

338 1467 480 1542 rationis,
492 1467 587 1528 muita
601 1485 695 1547 quum
711 1466 926 1548 scripsissent,
946 1455 1064 1527 [taliam
1077 1471 1172 1525 totam
1186 1482 1323 1546 occupa·

340 1569 824 1645 verunt².Quinamveroeorum
836 1561 1046 1640 fuerintlihri,
1067 1587 1124 1631 nos
1140 1568 1236 1650 fugit,
1253 1587 1324 1632 nam

340 1675 380 1736 de
397 1675 541 1737 omnibus
555 1675 607 1736 his
630 1673 825 1757 philosophis
843 1675 888 1737 sic
902 1673 1021 1738 Tullius
1038 1695 1045 1735 :
1063 1697 1079 1734 u
1098 1675 1154 1736 Est
1166 1675 1325 1756 quoddam

342 1802 358 1838 o
371 1799 472 1861 genus
487 1799 604 1848 eorum,
619 1781 672 1862 qui
688 1799 721 1841 se
736 1780 940 1862 philosophos
955 1780 1107 1861 appellari
1119 1759 1237 1857 volunt,
1250 1801 1326 1870 quo·

342 1905 359 1944 ιι
375 1905 443 1947 ιιιιιι
460 1885 606 1947 dicuntur
619 1879 967 1950 esselatinisane'mutti
983 1883 1071 1956 libri;
1087 1902 1166 1963 quos
1178 1903 1241 1946 uon
1252 1901 1327 1946 con·

340 2012 357 2050 ιι
376 1998 480 2052 temno
495 1989 651 2070 equidem,
661 1989 782 2070 quippe
794 2007 873 2068 quos
886 2006 1046 2068 nunquam
1059 1989 1198 2068 legerim.
1260 1989 1326 2052 Hos

341 2115 357 2153 o
375 2093 502 2156 Latinos
518 2093 540 2154 ii
555 2093 612 2156 soli
635 2094 757 2174 legunt,
776 2095 830 2173 qui
847 2094 928 2156 idem
948 2094 1115 2156 sentiuntr.
1134 2115 1150 2152 ι)
1166 2073 1245 2157 Herc
1262 2113 1325 2156 non

341 2201 401 2261 alia
416 2179 555 2280 proiecto
570 2205 671 2262 mente
687 2197 823 2272 dicebat,
838 2219 930 2280 quam
943 2207 977 2262 ut
993 2179 1216 2273 vehementius,
1229 2219 1327 2282 quan-

337 2297 404 2366 tum
418 2306 475 2366 ista
490 2311 718 2372 contemneret,
743 2306 955 2386 profiteretur.
970 2307 1048 2367 Nam
1071 2307 1129 2368 etsi
1143 2307 1270 2382 amicos,
1293 2309 1325 2370 in

341 2413 455 2492 quibus
469 2419 535 2474 erat
555 2411 762 2494 philosophiae
777 2414 925 2487 studium,
946 2414 977 2474 in
1000 2414 1151 2475 Graeciam
1174 2415 1325 2488 mitteret,

338 2518 372 2578 id
388 2524 452 2589 est,
474 2517 515 2579 ad
538 2519 664 2580 Graecos
685 2517 731 2579 ire
751 2519 894 2599 iuberet,
916 2525 951 2578 ut
972 2517 1165 2580 doctrinasa
1188 2518 1326 2581 fontibus

342 2625 444 2704 potius
458 2623 619 2685 haurirent
634 2641 727 2703 quam
746 2623 863 2684 rivulos
886 2629 1169 2696 consectarentur⁴,
1195 2642 1257 2685 non
1275 2633 1327 2686 ta-

343 2745 412 2788 men
427 2727 539 2788 latinos
553 2727 758 2808 philosophiae
770 2735 913 2790 auctores
930 2730 973 2788 ita
991 2727 1159 2809 spernebat
1171 2735 1204 2789 ut
1222 2747 1261 2790 ne
1276 2729 1328 2790 le-

342 2829 1327 2914 geretquidem.CatiosenimethmafiniosquomodocumCas-

343 2939 401 3010 sio,
417 2944 564 3016 tanquam
578 2939 677 3000 matos
694 2939 859 3000 verborum
876 2939 1061 3019 interpretes
1076 2937 1250 3011 irrideret⁵,
1268 2939 1327 3000 nisi

344 3035 489 3116 legisset?
511 3035 652 3110 Quatuor
666 3036 765 3099 libros
782 3037 822 3100 de
840 3039 956 3099 Natura
971 3037 1086 3100 Rerum
1102 3037 1186 3098 etde
1202 3037 1326 3098 Summo

342 3141 430 3202 Bono
442 3140 609 3222 scripserat
623 3140 740 3212 Catius,
751 3140 831 3203 iovis
846 3142 985 3220 quidem,
999 3143 1054 3204 sed
1066 3160 1129 3204 non
1141 3142 1327 3222 injucundus

342 3253 463 3319 auctor,
477 3244 672 3320 Quintiliano
692 3245 822 3326 judice⁶.
847 3247 1017 3308 Amafinius
1034 3247 1118 3309 nulla
1134 3247 1247 3308 dicitur
1261 3255 1326 3308 arte

340 3349 501 3422 adhibita,
521 3348 560 3410 de
579 3350 674 3411 rebus
695 3358 767 3412 ante
782 3351 889 3413 oculos
905 3352 1026 3432 positis,
1044 3351 1083 3414 de
1099 3351 1241 3432 physica,
1257 3351 1327 3412 vui-

339 3547 342 3550 ·
378 3529 386 3562 ¹
402 3533 480 3580 Taso.
491 3531 511 3579 i.
527 3547 546 3592 1,
561 3546 583 3579 c.
605 3535 628 3579 3.

375 3619 476 3684 ²Tusc,
493 3637 526 3681 iv,
540 3636 565 3670 c.
579 3627 604 3670 3.

376 3711 474 3762 ³Tusc.
488 3731 517 3772 ιι,
531 3729 555 3763 c.
570 3719 594 3764 3.

376 3801 446 3853 ιιι.
465 3820 487 3854 c.
504 3810 542 3863 ιι,
558 3822 581 3866 ρ.
600 3809 641 3853 ιι.

377 3893 439 3944 ⁵nd
455 3898 525 3945 Fam.
542 3911 583 3954 xv,
599 3913 639 3958 ep.
659 3902 697 3946 19.

374 3985 388 4022 ⁶
402 3985 488 4044 Quint.
502 3986 520 4036 l.
533 4003 557 4048 x,
574 4004 596 4038 c.
614 3991 635 4036 1.
