3324 5142
742 531 880 610 ...9.-

419 659 554 728 Esquilias,
571 658 718 724 dictumque
732 669 848 724 petente
861 661 955 716 vimine
965 659 1064 726 collem,

421 749 528 814 Viscera
539 764 688 813 magnarum
703 751 824 802 domuum
837 751 984 816 dominique
999 753 1103 804 tuterit.

322 891 391 953 Non
407 890 448 954 ad
461 891 522 955 boo
541 909 617 953 sane
628 897 788 972 poetarum
804 909 902 971 genus
915 892 1046 954 attendit
1058 891 1190 964 Tullius,
1208 912 1303 973 quum

322 1004 445 1077 poetam
460 997 612 1078 praedicat·
628 1003 738 1058 natura
754 997 823 1078 ipsa
839 995 942 1058 valere
956 1005 986 1059 et
999 998 1110 1059 mentis
1125 997 1244 1060 viribus
1254 1017 1304 1060 ex-

323 1102 412 1165 citari
426 1109 457 1165 et
477 1102 567 1182 quasi
585 1101 691 1164 divino
710 1101 846 1182 quodam
869 1101 981 1183 spiritu
1005 1102 1118 1164 inflari.
1142 1103 1211 1166 Non
1233 1103 1304 1166 illos

323 1207 443 1269 Ennius
458 1213 583 1272 sanotoe
603 1206 740 1289 appellat
759 1213 879 1288 poetae.
904 1207 974 1272 Non
991 1207 1101 1271 horum
1121 1215 1188 1271 erat
1204 1208 1306 1289 philo-

324 1313 446 1395 sophia,
465 1313 613 1384 Deorum,
628 1321 662 1374 nt
674 1312 761 1374 Plato
778 1313 831 1387 ait,
849 1312 978 1384 donum,
994 1317 1028 1373 ut
1043 1311 1173 1387 Tullius,
1192 1312 1307 1374 inven-

324 1425 422 1482 lnm².
452 1420 632 1498 Magnetum
657 1417 803 1480 obsident
832 1417 961 1491 domos,
992 1417 1133 1479 ambiunt
1156 1417 1307 1481 favorem.

326 1526 488 1604 Magnetes
505 1541 591 1593 vero,
606 1541 686 1603 quos
699 1524 787 1604 juvat
802 1523 937 1604 speciem
953 1523 1120 1604 quamdam
1132 1519 1311 1586 liberalita-¹

328 1630 367 1692 tis
379 1629 520 1704 induere,
529 1629 654 1692 Graeoos
667 1629 809 1692 mercede
822 1629 1009 1692 conducunt.
1021 1629 1203 1692 Juvatenim
1214 1646 1306 1689 mane

329 1735 516 1798 salutantum
539 1735 621 1796 inter
640 1734 742 1798 undas
765 1733 926 1813 palliatum
942 1732 1168 1814 barbatumqoe
1182 1730 1308 1804 videre3

326 1843 413 1920 juvat
427 1839 592 1920 quemdam
608 1838 823 1910 discumbere,
846 1837 899 1917 qni
914 1837 1037 1917 jussus,
1062 1855 1156 1916 quum
1174 1836 1307 1898 litteram

328 1943 487 2025 scripserit
502 1942 629 2015 nnllam,
643 1961 789 2022 magnum
803 1959 964 2003 numerum
975 1959 1120 2002 versuum
1134 1941 1173 2003 de
1187 1941 1235 2002 his
1255 1943 1311 2021 ip-

329 2050 372 2110 sis
386 2049 480 2112 rebus
495 2066 566 2129 quae
588 2056 652 2110 tum
670 2054 804 2128 agantur
819 2046 904 2108 dicat
917 2065 954 2108 ex
969 2053 1127 2137 tempore;
1145 2047 1199 2126 qui
1220 2065 1311 2109 revo-

329 2161 417 2216 oatus
436 2153 575 2216 eamdem
594 2171 658 2214 rem
673 2151 773 2225 dieat,
790 2150 984 2213 commutatis
1006 2151 1110 2213 verbis
1130 2159 1224 2232 atque
1242 2171 1314 2214 sen-

330 2255 464 2318 tentiis³.
486 2259 577 2318 Juvat
601 2257 632 2319 in
654 2257 704 2320 via
726 2257 867 2319 Graeoum
894 2257 1026 2330 adesse,
1058 2258 1146 2338 cnjus
1177 2257 1314 2319 humeris

330 2361 492 2435 innitetur,
505 2361 555 2424 cui
566 2361 720 2442 quidquid
737 2361 863 2424 libuerit
876 2381 951 2424 anre
963 2368 1114 2434 susurret,
1128 2361 1181 2442 qni
1197 2362 1314 2425 stultis-

330 2469 407 2528 sima
422 2467 513 2530 etiam
528 2466 634 2529 laudet
647 2467 771 2548 jactatis
786 2467 963 2528 manibus⁴.

371 2572 402 2634 Si
416 2589 479 2653 qua
493 2573 652 2634 Romanus
676 2572 806 2652 gesserit
824 2571 920 2652 digna
941 2571 1094 2652 posteris,
1118 2571 1144 2632 si
1172 2568 1313 2642 Tralles,

331 2676 550 2740 Alabandasve
571 2676 767 2756 expugnarit,
795 2676 912 2736 instant
927 2675 1040 2750 Graeci,
1059 2691 1118 2736 neo
1141 2675 1229 2755 prins
1244 2691 1316 2736 mo-

331 2781 451 2843 lestiam
477 2780 623 2843 exhibere
637 2780 809 2854 desistunt,
839 2798 932 2860 quam
957 2779 1048 2840 detor
1068 2777 1153 2857 quod
1173 2779 1313 2840 ornent⁵.

333 2885 443 2947 lluone
459 2884 649 2958 reciderunt,
672 2883 831 2946 hominum
848 2883 1031 2964 turpissimi,
1047 2890 1163 2944 sanotae
1180 2881 1241 2943 illae
1256 2901 1317 2964 pa—

332 2997 414 3051 trum
430 2995 602 3051 vestrorum
618 2989 716 3050 artesl
733 2988 820 3074 Adeo
836 3007 875 3050 ne
891 2987 985 3068 periit
997 2987 1082 3070 apud
1095 3006 1149 3050 vos
1164 2986 1317 3049 Herodoti

334 3102 365 3156 et
373 3092 569 3174 Thucydidis
585 3069 754 3156 memorial
1092 3107 1093 3112 ¹
1309 3099 1312 3105 ⁴

375 3199 510 3263 Maximo
530 3207 604 3263 tuno
629 3201 738 3262 Romae
757 3208 846 3262 erant
867 3199 898 3260 in
920 3201 1039 3263 bonore
1065 3200 1158 3280 graeoi
1178 3199 1317 3261 homines

335 3322 429 3384 quum
441 3305 578 3369 libertini
590 3311 654 3366 tum
664 3305 801 3386 ingenui.
817 3305 976 3368 Neminem
989 3307 1194 3388 legitquanto
1208 3305 1318 3368 affeetu

336 3407 479 3471 Tironem
501 3411 795 3491 persecutns'inerit
818 3412 852 3472 T.
881 3411 1001 3484 Cicero,
1022 3411 1149 3472 Statium
1175 3410 1318 3485 Quintus.

337 3514 460 3576 Domini
479 3515 614 3577 animum
640 3515 806 3596 capiebant
819 3515 972 3590 libertini,
992 3521 1022 3576 et
1042 3533 1238 3594 quocumque
1252 3515 1320 3577 vel-

373 3692 381 3726 ¹
402 3696 459 3745 dur.
477 3697 530 3745 Sat.
546 3712 587 3744 ιιι.

371 3785 383 3819 ²
401 3789 446 3834 Pro
461 3785 535 3836 Aroh.

372 3872 383 3911 ³
402 3879 448 3924 Pro
459 3877 560 3926 Archia.

373 3965 383 4002 ⁴
402 3968 625 4020 videndentur.
643 3969 712 4020 uitat.
729 3980 754 4020 et
768 3971 882 4020 Juvenal.

373 4056 384 4096 ⁵
403 4077 430 4119 ιι,
445 4077 485 4122 ep.
506 4064 527 4120 l,
544 4060 581 4110 bd
594 4061 669 4112 artic.
