3324 5142
753 545 912 608 ..Εἰμ-

338 673 519 752 jurantibus
537 675 650 749 Pansa,
664 675 765 748 Poeto,
780 678 878 742 Balbo
891 687 923 741 et
934 679 1049 761 Oppio,
1064 679 1221 745 relevavit.
1236 683 1324 746 Ver-

338 776 417 838 rium
440 795 565 859 quoque
589 779 789 854 etCassium,
815 782 985 863 Syronem,
1001 782 1140 859 Gallum,
1161 783 1321 849 Platonem

337 881 523 944 Sardianum
538 891 568 945 et
582 883 737 946 Saufeium
759 886 790 948 in
806 888 912 949 amicis
933 888 1042 951 habuit
1057 889 1187 952 Tullius.
1210 891 1323 954 Nemi-

338 1005 406 1049 nem
422 1006 495 1050 vero
511 995 628 1050 tantum
652 991 765 1052 amavit
779 997 929 1071 quantum
944 991 1147 1074 Pomponium
1172 995 1320 1056 Atticum.

336 1090 411 1152 Cum
429 1109 486 1153 suo
501 1091 605 1154 Attico
620 1109 786 1169 moerores,
810 1093 941 1175 gaudia,
961 1114 1069 1170 curas,
1096 1113 1187 1177 spes,
1212 1115 1322 1162 omnes·

336 1195 432 1258 animi
447 1203 548 1259 motus
570 1197 830 1272 communicabat,
847 1203 878 1260 et
898 1217 934 1260 ea
949 1199 1121 1280 presertim
1138 1209 1319 1283 tempestate

239 1313 247 1328 '
335 1323 398 1386 qua
422 1304 584 1369 debellatis
613 1307 827 1388 Pompeianis,
855 1307 1057 1388 maximisque
1080 1308 1211 1373 obrutus
1236 1313 1323 1374 curis

334 1412 414 1476 adeo
429 1413 529 1477 amico
547 1413 721 1494 indigebat.
744 1413 806 1488 Qui
820 1414 951 1476 victoria
968 1433 1002 1476 se
1021 1393 1212 1489 efferebant,
1229 1415 1320 1496 quasi

335 1517 448 1580 victum
464 1536 534 1580 eum
550 1517 760 1579 intuebantur.
779 1517 839 1592 Qui
858 1524 960 1580 autem
977 1518 1075 1580 victos
1086 1517 1215 1581 moleste
1234 1517 1321 1582 iere·-

334 1623 411 1684 bant
432 1641 502 1685 eum
525 1620 675 1684 dolebant
696 1622 810 1684 vivere.
836 1625 882 1686 De
904 1623 1048 1685 Terentia
1074 1642 1137 1684 non
1164 1625 1321 1688 immerito

335 1728 431 1790 millia
455 1726 661 1808 querebatur3
679 1727 729 1788 vix
742 1727 783 1788 ab
801 1746 837 1790 ea
854 1727 1044 1810 suppeditati
1070 1727 1193 1790 fueram
1207 1747 1319 1812 sump-

336 1840 386 1896 tus
403 1833 581 1907 necessarii,
592 1834 704 1913 ,generi
720 1832 889 1897 Dolabellae
904 1833 989 1894 illum
1005 1833 1164 1914 pudebat;
1180 1833 1318 1914 quotidie

331 1942 395 2022 jam
405 1939 493 2002 Balbi
502 1939 612 2002 litterae
626 1937 849 2018 languidiores,
864 1937 964 2000 necin
978 1936 1039 2000 ulla
1055 1944 1122 2000 erat
1136 1955 1200 2019 spe.
1217 1937 1316 2013 Quin-

334 2056 382 2108 tus
398 2046 525 2108 miserat
534 2045 628 2122 filium
644 2061 707 2106 non
723 2042 822 2106 solum
834 2045 882 2106 sui
894 2043 1142 2124 deprecatorem,
1158 2042 1318 2106 sedetiam

334 2157 544 2214 accusatorem
560 2149 663 2212 fratris
676 2155 707 2209 et
718 2147 905 2228 ubicumque
915 2149 1019 2210 omnia
1032 2149 1064 2210 in
1073 2167 1141 2210 eum
1153 2148 1318 2211 maledicta

334 2252 525 2316 conferebat.
541 2252 590 2314 Ad
604 2252 736 2314 Tullium
747 2252 946 2314 acerbissime
956 2253 1136 2334 scripserat,
1151 2253 1231 2315 tilius
1244 2271 1320 2316 vero

335 2355 463 2418 mirilico
477 2353 559 2417 odio.
584 2355 709 2417 Nullum
720 2355 787 2438 ipse
801 2357 919 2418 Atticus
930 2354 1067 2418 habebat
1079 2355 1243 2418 consilium
1254 2373 1319 2437 quo

335 2466 441 2542 posset
452 2458 570 2522 amicus
581 2460 692 2541 juvari.
1022 2452 1024 2461 ’

376 2566 462 2626 Tunc
476 2563 579 2627 Attico
598 2563 755 2628 scribebat
772 2587 780 2626 ι
800 2587 817 2626 a
830 2565 919 2628 Non¹
936 2583 984 2629 mc
998 2565 1128 2630 offendit
1143 2567 1256 2631 veritas
1271 2566 1318 2629 lit-

334 2690 351 2729 »
369 2677 502 2733 terarum
525 2677 666 2746 tuarum,
685 2672 771 2752 quod
792 2690 856 2746 me,
878 2691 973 2754 quum
995 2673 1229 2747 communibus,
1253 2681 1316 2736 tum

336 2795 352 2832 r>
368 2774 534 2856 praecipuis
548 2774 637 2838 malis
654 2794 857 2859 oppressum,
873 2797 912 2840 ne
927 2779 1041 2861 incipis
1054 2779 1198 2860 quidem,
1214 2788 1248 2842 ut
1262 2799 1318 2844 so-

334 2899 351 2937 »
368 2877 467 2953 lebas,
491 2879 662 2955 consolari,
686 2881 855 2965 faterisque
877 2885 909 2946 id
935 2884 1001 2947 fieri
1027 2886 1091 2966 jam
1121 2904 1183 2948 non
1210 2903 1317 2968 posse.

335 3006 351 3042 s
367 2984 515 3047 'lantum'
531 2985 622 3048 velim
639 3005 678 3050 ne
690 2987 888 3062 intermittas,
907 2991 1027 3053 scribas
1045 2989 1085 3052 ad
1100 3009 1149 3054 me
1163 2991 1316 3072 quidquid

336 3114 353 3152 u
368 3093 470 3156 veniet
483 3093 541 3155 tibi
563 3093 594 3155 in
615 3101 761 3168 mentem,
779 3115 874 3176 quum
899 3095 1030 3158 babebis
1043 3097 1094 3158 cui
1116 3096 1172 3158 des
1192 3104 1222 3158 et
1242 3096 1316 3157 dum

332 3218 349 3255 n
367 3199 426 3260 erit
448 3199 489 3260 ad
508 3217 599 3280 quem
623 3197 698 3273 des,
721 3200 807 3280 quod
827 3201 956 3282 longum
978 3201 1121 3263 nouerit.
1140 3199 1262 3275 Quibus
1284 3201 1315 3262 in

333 3325 350 3362 s
366 3302 497 3365 miseriis
510 3322 572 3366 una
586 3311 634 3368 est
645 3322 704 3386 pro
714 3305 859 3367 omnibus
868 3305 953 3387 quod
963 3305 1053 3368 istam
1069 3307 1212 3368 miseram
1225 3304 1317 3384 (Tul-

334 3409 479 3487 uliolam)
497 3411 698 3491 patrimonio,
714 3409 838 3474 fortuna
854 3411 939 3474 omni
953 3411 1117 3493 spoliatam
1128 3409 1313 3490 relinquam.

333 3539 350 3578 u
365 3515 466 3578 Alium
482 3517 532 3580 cui
546 3535 613 3580 eam
631 3517 843 3580 commendem
858 3517 958 3580 habeo
973 3517 1143 3589 neminem,
1155 3534 1223 3581 cam
1239 3535 1315 3598 ergo

332 3647 349 3682 u
365 3623 479 3686 habeto
498 3624 754 3700 commendatam,
770 3630 978 3706 patruumque
994 3624 1025 3686 in
1038 3643 1075 3686 ea
1086 3629 1236 3704 quantum
1252 3641 1315 3706 po-

333 3753 349 3789 »
366 3730 447 3810 teris
463 3729 618 3811 mitigato.
634 3731 710 3794 Haec
731 3730 771 3794 ad
789 3737 818 3794 tc
842 3729 893 3793 die
907 3730 1001 3793 natali
1019 3731 1087 3794 meo
1101 3729 1234 3809 scripsi:
1251 3750 1314 3810 quo

367 3981 374 4014 ¹
390 3984 441 4030 aas.
454 3995 490 4044 n,
507 3983 547 4028 tt.

365 4071 377 4106 ²
392 4075 441 4123 att.
457 4076 544 4130 abib.

283 4884 788 5122 s*
