3324 5142
762 478 920 539 -ιο-

343 607 478 672 nendum
494 605 645 688 sapientia
661 609 886 688 comparaverit
899 611 975 674 nihil
988 630 1055 676 osse
1069 616 1169 696 majus
1179 615 1326 691 amicitie,

345 714 421 776 nihil
436 713 575 786 uberius,
591 712 666 774 nihii
683 715 865 794 jucundius.
884 715 991 798 Neque
1009 737 1083 780 vero
1103 720 1163 782 hoo
1185 724 1327 786 (tratione

344 816 455 890 solum,
471 816 526 879 sed
542 816 751 898 multomagis
772 818 846 892 vitu,
865 826 895 882 et
910 819 1012 895 factis,
1034 831 1064 885 et
1083 824 1221 887 moribus
1245 845 1328 890 oom-

344 923 489 1012 ppobavit
502 927 523 984 ¹.
538 923 627 986 lllum
647 925 714 1006 ejus
729 924 888 988 eelebrent
902 945 976 1008 ergo
990 928 1200 992 Metrodorum
1216 933 1328 996 carita-

344 1039 415 1107 tem,
431 1030 500 1094 ilias
514 1031 555 1092 nd
565 1029 928 1104 Hermarchumiitteras‚
945 1034 1242 1097 commendationem
1254 1055 1329 1118 pue-

343 1155 460 1210 rorum,
476 1135 657 1198 memorium
666 1143 697 1197 et
715 1135 872 1197 caritatem
887 1137 1043 1210 amicitiae,
1058 1157 1248 1202 summorum
1263 1142 1329 1205 offi-

344 1242 462 1306 ciorum
472 1241 504 1302 in
514 1245 650 1302 extremo
662 1240 771 1322 spiritu
780 1243 1047 1306 conservationem
1058 1244 1081 1303 ².
1092 1246 1164 1306 Mox
1174 1263 1329 1326 anagnos-

346 1356 390 1410 tes
405 1345 548 1429 quaedam
565 1344 737 1408 Philodemi
762 1347 804 1408 De
822 1347 961 1430 Epicuro
979 1348 1055 1429 legit
1067 1359 1121 1412 aut
1137 1352 1176 1412 T.
1195 1353 1328 1418 Lucretii

344 1453 413 1518 Cari
428 1453 473 1515 De
482 1453 597 1515 Rerum
609 1449 734 1514 Natura
747 1469 846 1534 nuper
862 1454 946 1516 editu
961 1455 1099 1518 earmina
1116 1476 1123 1514 :

409 1610 429 1656 E
444 1607 556 1658 tenebris
569 1607 646 1656 tantis
658 1616 708 1656 tam
725 1607 822 1657 clarum
834 1609 959 1659 extollere
973 1611 1060 1662 lumen

412 1700 459 1758 Qui
472 1699 567 1762 primus
582 1699 698 1762 potuisti,
710 1699 842 1750 illustrans
853 1705 986 1752 commoda
998 1705 1061 1765 vite,

410 1795 444 1841 Te
456 1794 559 1858 sequor,
574 1807 588 1841 o
602 1791 682 1842 Graiae
697 1792 780 1854 gentis
791 1794 882 1855 deous;
897 1794 974 1858 inque
989 1796 1040 1846 tuis
1054 1813 1123 1848 nune

411 1883 470 1934 Fixa
483 1883 578 1950 pedum
592 1899 659 1946 pono
674 1883 768 1946 pressis
781 1884 888 1947 vestigia
902 1887 990 1948 signis,

410 1981 463 2028 Nou
479 1975 515 2026 ita
527 1975 643 2025 certandi
659 1976 779 2042 cupidus,
793 1993 867 2040 quam
883 1991 986 2042 propter
1000 1995 1110 2031 amorem

410 2069 484 2128 Quod
496 2077 520 2117 te
532 2067 626 2118 imitari
641 2084 714 2119 nveo.
724 2069 791 2128 Quid
804 2069 871 2120 enim
884 2073 1022 2122 contendat
1037 2073 1148 2124 hirundo
1237 2058 1239 2064 Ι

411 2160 518 2226 Cyouist
531 2164 581 2210 Aut
592 2159 716 2226 quidnam
725 2161 840 2210 tremulis
852 2164 936 2212 iacere
952 2168 1058 2214 artubus
1069 2167 1135 2216 hoedi

412 2249 549 2301 Consimile
559 2249 585 2298 in
600 2266 675 2299 eursu
689 2250 796 2312 possint,
812 2267 841 2300 ao
854 2252 927 2301 sortis
938 2254 997 2315 equi
1010 2254 1065 2304 vis?

413 2343 449 2392 Tu
462 2353 534 2405 puter
544 2351 570 2390 et
581 2357 666 2390 rerum
679 2341 806 2403 inventor,
823 2355 849 2392 ιιι
862 2344 944 2406 patria
957 2345 1030 2395 nobis

412 2433 566 2496 suppedites
578 2446 713 2499 precepta,
728 2433 829 2495 tuisque
844 2449 885 2495 ex,
901 2434 1008 2493 inclute,
1021 2437 1124 2499 chartis,

412 2525 542 2576 utontsris
557 2535 586 2574 ut
599 2524 695 2588 apesin
709 2522 815 2574 saltibus
829 2524 915 2574 omnia
931 2524 1022 2587 libent,

412 2617 504 2670 Omnia
519 2634 565 2669 nos
579 2617 667 2668 itidem
682 2615 842 2679 depascimur
857 2633 936 2668 auree
947 2617 1031 2679 dicte,

412 2714 505 2766 Aurea.
518 2719 643 2776 perpetua
655 2725 756 2772 semper
767 2708 914 2772 dignisdma
931 2710 982 2759 vita
997 2708 1016 2759 ³.

386 2849 516 2913 Accedit
536 2850 662 2912 taudem
676 2849 811 2924 musioa;
828 2868 886 2912 neo
909 2852 1012 2913 minus
1033 2851 1137 2916 animo
1157 2861 1188 2915 et
1203 2853 1331 2916 auribus

347 2974 440 3039 quam
454 2961 561 3019 ventre
577 2956 715 3017 eonvivae
730 2954 933 3018 delectantur.
952 2957 1044 3020 Falsa
1063 2965 1110 3020 est
1123 2960 1204 3022 enim
1224 2977 1330 3022 eorum

346 3061 454 3143 opinio
468 3061 521 3141 qui
537 3060 617 3122 iuter
631 3059 712 3140 gulae
725 3077 871 3140 proceres
887 3063 1057 3144 Epicureos
1073 3071 1244 3126 numerant.

386 3167 503 3228 Eorum
524 3165 586 3227 vita
605 3163 789 3246 plerumque
814 3167 986 3228 communis
1012 3175 1128 3230 enatet
1151 3169 1216 3230 sine
1237 3166 1327 3229 fastu.

346 3270 407 3346 Qui
416 3270 539 3334 divitius
549 3271 648 3332 sortiti
659 3269 791 3346 fuerant,
805 3269 961 3350 elegantes
974 3289 1036 3334 nou
1048 3271 1216 3353 magnifici,
1229 3270 1331 3353 splen·

347 3376 414 3439 didi
430 3395 492 3440 non
513 3376 696 3457 sumptuosi,
714 3375 798 3437 omni
819 3375 980 3456 diligentia
995 3377 1188 3450 munditiem,
1204 3393 1267 3438 uon
1283 3377 1329 3438 af-

346 3481 504 3543 fluentiam
519 3479 718 3543 affectabant.
738 3480 773 3541 ln
791 3479 898 3561 primis
916 3480 994 3544 bene
1009 3479 1205 3554 habitabant,
1226 3482 1332 3544 omui-

347 3585 469 3666 busque
496 3584 621 3664 optimis
650 3583 743 3646 rebus
767 3583 952 3659 utebantur,
986 3603 1047 3648 non
1073 3583 1235 3646 abutentes
1245 3584 1266 3645 ⁶.
1298 3585 1329 3646 Si

380 3743 389 3778 ¹
405 3749 440 3795 De
453 3743 509 3794 uin.
524 3758 577 3804 1‚c.
593 3747 635 3793 20.

378 3833 508 3884 ‘neuin
523 3851 551 3895 n,
567 3850 589 3882 c.
605 3837 645 3883 ut.

378 3923 389 3961 ³
403 3924 459 3977 Lib.
474 3942 514 3975 ιιι.

379 4014 390 4050 ⁴
403 4017 504 4068 Comei.
518 4019 578 4078 Nep.
594 4019 628 4065 lto
641 4018 691 4064 dut.

414 4710 1207 5104 nn
