3324 5142
716 473 876 534 ...149-

301 612 344 678 te,
368 611 399 668 et
419 605 562 677 viserem,
589 607 619 666 et
637 620 794 667 coenarem
812 604 916 666 etiam.
943 602 1011 664 Non
1034 605 1116 666 enim
1136 604 1283 680 arbitror,

301 725 436 787 coquum
452 707 543 769 etiam
560 714 589 769 te
604 707 796 769 arthriticum
811 706 927 770 babere
939 707 960 766 ¹.

342 812 439 875 Velim
458 811 566 874 adibat
580 810 761 872 Trebatium
776 809 816 874 ad
839 810 979 874 Haletem
998 811 1134 874 nobilem
1151 830 1285 886 amnem,

302 916 333 976 in
349 933 417 978 eam
431 915 569 988 domum,
581 933 651 996 quae
668 920 800 988 remoto,
813 914 944 988 salubri,
958 933 1082 978 amoeno
1097 917 1167 978 loco
1187 916 1289 978 babe-

302 1019 356 1082 bat
369 1019 486 1092 lucum,
502 1037 597 1099 aquo
616 1018 707 1081 etiam
722 1018 850 1082 advenae
870 1019 968 1082 teneri
984 1018 1161 1082 solebant².
1179 1021 1287 1084 Amico

303 1125 421 1206 Topica
435 1123 556 1188 ferebat
571 1123 758 1198 Aristotelis,
774 1131 804 1187 et
819 1143 888 1186 cum
902 1123 956 1187 illo
970 1123 1037 1186 dies
1048 1123 1169 1186 terebat
1180 1123 1288 1186 obam-

302 1227 482 1302 bulanspet
495 1245 569 1304 uua,
592 1227 782 1292 mehercule!
799 1246 905 1290 eorum
925 1227 973 1290 vel
988 1245 1095 1290 severa
1111 1228 1159 1291 vel
1179 1230 1288 1310 jocosa

303 1331 496 1412 congressio,
516 1331 585 1414 plus
599 1339 667 1396 eret
684 1351 777 1413 quam
794 1350 857 1395 non
873 1331 967 1395 modo
982 1331 1100 1405 hostes,
1120 1333 1176 1398 sed
1195 1333 1288 1396 etiam

304 1437 417 1500 iratres
430 1437 513 1500 aedui
523 1439 533 1473 ⁸
543 1484 549 1498 .
561 1437 671 1502 Facete
682 1437 799 1500 Tullius
816 1437 968 1501 irridebat
979 1435 1187 1500 britannicum
1200 1439 1288 1517 jure-

306 1541 504 1604 consultum·
523 1551 554 1605 et
568 1542 705 1606 animum
720 1542 780 1605 viri
793 1541 847 1622 qui
863 1560 964 1623 neque
978 1541 1010 1604 iu
1022 1541 1149 1605 Oceano
1159 1541 1169 1575 ⁵
1181 1547 1289 1605 natare

305 1645 466 1720 voluisset,
483 1647 727 1712 studiosissimus
741 1649 881 1722 natandi,
898 1667 998 1730 neque
1013 1655 1155 1730 spectare
1166 1649 1290 1712 esseda-

305 1751 380 1826 rios,
395 1771 487 1834 qnem
498 1759 590 1817 antea
607 1773 647 1816 ue
657 1753 844 1817 andabatam
858 1754 985 1836 quidem
998 1753 1185 1819 defraudare
1200 1761 1290 1836 pote·

306 1864 378 1920 rant
391 1858 495 1922 amici.
509 1859 600 1922 Nunc
612 1858 722 1920 fortem
738 1859 839 1920 virum
853 1865 884 1920 et
901 1864 1092 1922 constantem
1110 1859 1243 1940 rogabat
1257 1867 1291 1922 ut

306 1964 408 2044 ipsum
423 1963 463 2025 de
476 1963 597 2033 ratione
610 1963 684 2026 belli
699 1963 803 2044 gallici
823 1963 986 2026 certiorem
1005 1962 1133 2038 iaceret,
1148 1965 1291 2046 ignavis-

307 2067 386 2134 simo
402 2069 514 2150 cuique
528 2087 562 2132 se
576 2069 740 2132 maximam
753 2068 845 2132 fidem
866 2067 1004 2132 habere·
1019 2068 1194 2152 professum
1209 2088 1291 2134 nunc

308 2173 339 2234 in
365 2173 567 2256 palimpsesto
584 2174 733 2239 laudabat
753 2174 1008 2256 parcimoniam⁷,
1022 2157 1291 2240 'incontroversia

308 2292 403 2362 poseat
424 2301 462 2346 ae
482 2279 584 2356 burm,
605 2282 685 2365 quod
710 2280 829 2363 [ortum
854 2292 944 2344 anteo
967 2280 1085 2364 [actum
1107 2291 1189 2358 meet,
1213 2281 1292 2364 [orti

309 2395 387 2450 recte
399 2387 506 2468 opm‘
526 2387 699 2450 scientiam.
790 2421 793 2428 =

344 2621 352 2653 ¹
367 2619 406 2668 nd
418 2621 487 2670 Fam.
501 2634 535 2680 rx,
552 2623 594 2670 23.

342 2711 355 2747 ²
369 2712 408 2764 nd
419 2715 489 2764 Fam.
502 2726 548 2771 vn,
561 2715 601 2761 20.

343 2803 430 2854 ³lbit.
445 2819 491 2864 vu,
510 2805 551 2854 10.

343 2895 355 2932 ⁴
369 2895 434 2946 ibid.
449 2912 494 2956 vra,
515 2899 552 2954 ll.

344 2985 434 3056 araia.
452 2991 491 3039 ιο.

344 3078 409 3131 ‘Ad
423 3083 494 3130 Fam.
511 3095 558 3137 vn,
571 3094 612 3142 ep.
628 3083 666 3129 te.

342 3170 354 3206 ⁷
368 3171 436 3223 ibid.
451 3175 488 3222 ¹8.

345 3257 437 3315 troia.
451 3279 490 3327 ep.
502 3265 543 3314 Ἠ.
649 3295 652 3302 .
