3324 5142
772 417 931 476 ...ffi-

362 561 378 599 e
400 540 538 602 inlibris
557 539 686 601 latinis?
709 539 810 616 Quum
834 544 927 622 igitur
942 522 1073 628 arpennes
1094 565 1186 626 quarn
1208 550 1269 611 vim
1286 550 1345 612 he-

364 649 477 716 obeat,
498 645 546 707 vix
569 645 698 726 intelligi
719 649 829 728 possit,
846 651 988 730 equidem
1011 652 1188 733 conjecture
1211 671 1273 716 non
1291 673 1345 717 au·

363 754 516 816 ndaciori
543 752 669 833 legerim
693 763 754 836 περὶ
778 762 888 830 θεῶν’,
913 757 999 837 quod
1030 757 1209 837 majusculis
1235 759 1345 822 litteris
1431 813 1435 820 .

364 883 379 916 n
395 877 573 940 expressum
593 859 723 924 eandem
740 860 804 924 iere
818 863 954 943 speciem
968 861 1101 936 exhibet,
1125 862 1268 927 conferas
1290 865 1346 946 igi-

362 987 379 1024 »
395 975 444 1028 tur
455 979 626 1028 iiEl’loEttN
641 975 735 1048 atque
751 981 931 1032 nertccdtt.
946 971 1034 1036 Certe
1047 979 1108 1054 περὶ
1122 972 1345 1034 secernendum

363 1093 378 1129 e
395 1091 475 1144 esse,
485 1074 549 1153 jam
565 1071 644 1134 alter
657 1073 810 1152 genitivus
824 1073 940 1144 dllllec
959 1077 1170 1145 demonstrat,
1186 1074 1241 1154 qui
1254 1091 1345 1138 cesus

363 1200 380 1236 n
394 1186 479 1240 reete
495 1176 650 1250 sehabet,
665 1177 722 1238 etsi
743 1179 845 1261 ipsum
860 1180 1046 1243 vocabulum
1061 1179 1114 1242 elii
1131 1195 1257 1260 quoque
1275 1197 1346 1241 eor-

364 1303 381 1340 n
399 1290 523 1364 ruptam
534 1288 733 1365 putaverunt.
756 1285 841 1347 Unus
856 1292 975 1348 tantum
994 1285 1093 1349 codex
1114 1287 1344 1367 manuscriptus

363 1387 517 1468 npraebet
545 1387 672 1456 dllldoe,
704 1389 807 1450 caeteri
839 1390 990 1453 fluctuant
1018 1391 1099 1453 inter
1130 1405 1269 1454 ttntmoc
1298 1393 1345 1454 vel

364 1507 539 1556 »unaltoc
554 1502 586 1557 et
600 1505 765 1565 nnattoc,
787 1512 857 1576 quoe
880 1497 905 1558 si
925 1495 1006 1558 inter
1028 1515 1061 1558 se
1086 1497 1285 1568 conferimus,
1300 1497 1345 1559 le·

363 1625 379 1660 n
398 1602 532 1682 gendum
548 1619 616 1664 esse
626 1607 803 1664 rlAAAntoc
818 1600 909 1663 uobis
923 1601 1049 1681 qrridem
1069 1619 1131 1664 non
1143 1609 1190 1664 est
1203 1602 1345 1666 dubium.

364 1707 549 1768 »Praeterea
570 1722 664 1786 quum
680 1711 810 1784 uterque
831 1705 984 1786 genitivus
1008 1725 1026 1767 a
1050 1707 1270 1788 praepositione
1287 1718 1347 1792 περὶ

363 1832 379 1869 n
397 1811 542 1891 pendeat,
561 1807 661 1890 neque
678 1809 805 1870 latinum
818 1820 846 1872 et
858 1811 940 1892 juste
955 1811 1170 1892 interpositum
1185 1831 1253 1876 esse
1273 1832 1346 1876 oea·

361 1941 377 1978 n
396 1939 463 1996 seo,
478 1917 532 1981 sed
544 1935 580 1980 ex
597 1933 700 1995 graeco
714 1929 735 1978 ti
751 1925 934 1998 corruptum
949 1918 1043 1998 idque
1057 1936 1115 1999 pro
1130 1928 1174 1980 καὶ
1191 1935 1247 1998 per
1260 1936 1346 1980 com-

361 2048 378 2087 n
394 2027 542 2110 pendium
558 2027 722 2108 scriptum.
745 2027 854 2106 ltaque
868 2032 1009 2086 nostrum
1027 2023 1141 2086 librum
1156 2023 1241 2087 hisee
1262 2025 1347 2088 voci-

362 2131 453 2194 »bus
468 2141 528 2214 περὶ
542 2139 612 2192 θεῶν
632 2139 677 2191 καὶ
697 2134 831 2198 Παλλάδος
850 2129 1019 2209 significari
1040 2136 1128 2210 puto,
1148 2130 1212 2191 sive
1225 2128 1346 2199 Cicero,

362 2259 378 2294 e
393 2256 489 2318 quum
504 2237 573 2320 ipse
589 2237 704 2300 librum
719 2255 784 2300 non
801 2234 986 2318 possideret,
1007 2233 1197 2308 memoriter,
1212 2234 1347 2314 ideoque

361 2343 495 2406 ominus
516 2349 671 2418 accurate,
695 2360 765 2405 eum
790 2338 949 2412 indicavit,
968 2339 1034 2401 sive
1053 2339 1229 2420 inscriptio,
1253 2357 1346 2419 quam

362 2447 529 2510 »Murrius
545 2447 665 2521 dedit²,
684 2444 893 2528 conjectando
905 2449 1029 2524 reperta
1044 2449 1102 2517 est,
1119 2450 1213 2523 atque
1229 2443 1281 2506 illa
1297 2443 1347 2505 Ci-

361 2573 378 2610 n
393 2552 515 2615 ceronio
528 2571 587 2635 pro
600 2571 675 2616 vera
690 2550 847 2626 habenda,
861 2548 948 2631 quod
964 2547 1134 2612 decernere
1156 2567 1218 2612 nou
1233 2549 1345 2622 ausim,

360 2682 378 2719 n
395 2677 573 2740 quanquam
587 2658 665 2721 illud
678 2656 917 2721 verisimilius.»

365 2793 368 2800 ·
399 2763 475 2825 Hae
489 2763 604 2826 Christ.
615 2763 771 2836 Peterson,
784 2761 837 2842 qui
852 2760 1034 2822 lacunosanr
1049 2759 1215 2823 voluminis
1228 2759 1343 2822 leetio-

359 2885 431 2929 nem
448 2867 493 2928 sic
507 2866 753 2939 instaurandam,
766 2871 797 2926 el
810 2864 908 2926 latine
922 2864 1100 2926 vertendam
1115 2865 1248 2945 putavit.

392 3071 402 3105 ¹
423 3073 591 3124 «lllrandum
605 3080 652 3132 est,
668 3070 734 3121 hano
748 3070 884 3122 lectionem
896 3085 947 3122 uon
961 3069 1036 3132 vulgo
1049 3081 1175 3132 reoeptam
1186 3083 1258 3117 esse:
1271 3067 1344 3118 uideo

360 3180 373 3206 ι
387 3160 455 3212 enim
470 3179 500 3212 ex
515 3161 602 3212 Orellii
614 3161 738 3223 editione,
754 3177 833 3229 quum
848 3161 997 3221 victorium,
1013 3173 1064 3210 tum
1078 3160 1220 3210 Maeotium
1235 3158 1343 3208 eandem

360 3274 373 3300 e
391 3255 492 3306 dedisse
503 3271 535 3305 ex
548 3255 620 3307 libris
638 3254 851 3318 manuscriptis.»

393 3345 529 3396 luteast
550 3348 590 3397 De
606 3347 708 3397 Natura
725 3343 835 3396 Deorum
856 3348 962 3407 librom,
983 3341 1119 3396 ilereul'aui
1141 3360 1195 3394 esse
1216 3353 1344 3406 repertum

359 3438 475 3500 cognovi.
491 3438 559 3490 leid.
572 3455 597 3501 p.
610 3443 635 3488 9.
