3324 5142
509 763 635 826 Ptcrlri
648 763 859 846 fraumentum
875 767 971 832 latice
985 789 1113 834 cereum.

328 1065 555 1120 -vocaturum
572 1056 612 1118 ad
628 1056 802 1138 principem
822 1056 922 1118 locum
941 1057 1104 1121 hocmodu
1123 1080 1130 1118 ε
1147 1060 1235 1141 siqui
1251 1067 1314 1124 tra-

328 1162 386 1223 rliti
402 1161 465 1223 nint
481 1161 657 1242 boniatque
665 1161 810 1238 benefici,
819 1163 939 1242 jussum
947 1163 996 1237 iri,
1012 1164 1068 1226 llos
1081 1183 1149 1226 esse
1164 1165 1313 1229 colendos

328 1265 481 1348 ejusmodi
497 1265 667 1340 sacrificiis,
682 1266 830 1346 ipsosque
846 1266 1020 1346 precandus
1034 1274 1067 1328 ut
1080 1266 1177 1342 de0s3
1196 1269 1312 1332 donum

327 1373 410 1434 enim
424 1371 477 1452 qui
488 1370 696 1452 undecunque
711 1371 877 1452 acceperit,
889 1372 1094 1452 propterillos
1105 1382 1201 1437 semet
1212 1375 1312 1456 ipsum

327 1496 450 1540 ornare.

367 1584 428 1646 Sed
444 1582 634 1664 Chrysippus
652 1581 828 1644 uuiversum
845 1581 993 1643 mundum
1009 1581 1040 1644 in
1060 1584 1162 1664 primo
1177 1585 1258 1648 libro
1274 1589 1313 1648 de

326 1685 387 1747 diis
401 1683 595 1752 describens,
610 1681 747 1749 omnium
761 1698 865 1742 rerum
880 1691 1013 1746 mentem
1032 1683 1148 1746 diserte
1163 1685 1312 1766 intelligit

324 1797 356 1852 et
370 1807 491 1853 omnem
506 1789 658 1850 rationem
676 1794 707 1850 et
726 1786 863 1849 universi
884 1787 1035 1864 animum,
1052 1796 1145 1870 atque
1169 1789 1230 1852 hoc
1244 1793 1314 1874 ,ejus

326 1895 430 1956 animo
446 1910 554 1956 omnes
578 1892 691 1974 stirpes
720 1892 876 1972 permeari
899 1899 930 1953 et
945 1893 1092 1970 animalia
1115 1895 1314 1977 rationesque
1351 1955 1361 1978 ,

326 1998 507 2074 seminalem
524 2003 691 2080 propterea
706 1996 798 2058 etiam
813 2011 881 2063 Ζῆνα
900 1997 1053 2079 appellari
1068 2000 1313 2082 toven,quippe

325 2105 380 2185 qui
396 2103 564 2166 distribuat
586 2102 681 2164 vitam
698 2102 707 2182 l
724 2102 805 2184 ζῇν);
822 2103 989 2184 ipsumque
1014 2122 1080 2166 esse
1096 2104 1246 2166 mundum
1262 2123 1312 2168 rc-

326 2222 395 2265 rum
411 2204 522 2265 morbo
540 2202 712 2265 carentium
731 2203 899 2264 auimatum
914 2211 945 2262 et
962 2202 1067 2274 deum,
1082 2203 1212 2284 ejusque
1229 2203 1313 2286 priu-

324 2304 461 2384 cipatum
479 2309 573 2382 atque
589 2301 726 2362 animum
743 2302 900 2375 universi3
922 2301 1027 2381 itaque
1052 2304 1173 2364 ratione
1193 2305 1313 2384 praedi-

325 2417 388 2470 tum
421 2408 548 2488 optimis
579 2407 701 2488 legibus
728 2407 773 2468 uli
798 2408 904 2469 lovem
931 2414 962 2468 et
992 2424 1187 2468 communem
1210 2427 1311 2470 rerum

325 2514 473 2576 Naturam
490 2520 521 2575 et
531 2512 642 2592 Fatum
653 2518 684 2574 ct
698 2513 938 2586 Necessitatem
955 2511 1150 2592 eandemque
1165 2530 1229 2574 rem
1245 2531 1311 2576 esse

323 2625 354 2680 et
368 2617 470 2698 legum
483 2617 720 2679 observantiam
735 2623 765 2678 et
780 2617 834 2678 lus
848 2623 879 2678 et
888 2615 1093 2678 Concordiam
1110 2623 1141 2678 et
1159 2617 1270 2680 Pacem
1282 2625 1313 2680 et

323 2723 476 2787 Venerem
501 2727 668 2804 omniaque
692 2719 821 2795 similia;
841 2740 943 2802 neque
957 2741 1025 2785 esse
1051 2721 1128 2786 deos
1142 2737 1244 2786 mares
1259 2731 1313 2786 ant

324 2827 465 2900 feminas,
488 2829 577 2890 sicuti
603 2847 704 2908 neque
728 2827 821 2890 nrbes
845 2846 944 2909 neque
970 2829 1118 2904 virtutem
1141 2829 1312 2911 significari

324 2943 442 2996 tantum
460 2951 575 3016 genere
595 2931 766 3002 masculino
780 2940 811 3006 et
825 2931 986 3004 feminino,
1001 2951 1095 3011 quum
1109 2933 1176 2996 haec
1192 2953 1253 2996 nou
1265 2935 1313 2996 in·

321 3049 369 3104 ter
387 3061 420 3105 se
435 3040 591 3114 differant,
617 3048 652 3101 ut
666 3040 755 3104 Luna
771 3048 802 3104 et
824 3041 951 3114 Lunus3
975 3039 1106 3102 Martem
1132 3059 1200 3102 esse
1222 3040 1312 3102 arbi-

319 3152 400 3208 trum
417 3146 491 3209 belli
515 3155 545 3208 et
567 3142 645 3208 aciei
664 3145 705 3206 ab
720 3152 852 3225 utraque
871 3152 959 3228 parte
979 3145 1181 3217 instruendae,
1198 3143 1311 3207 Vulca-

322 3267 396 3310 num
415 3265 483 3310 esse
499 3250 603 3326 ignem
622 3253 653 3309 et
667 3245 831 3322 Saturnum
848 3263 986 3318 cursum,
1003 3244 1057 3325 qui
1076 3263 1179 3306 rerum
1197 3243 1310 3306 llumen

318 3357 479 3423 excernat,
502 3351 619 3428 lilream
648 3358 721 3414 vero
742 3358 870 3422 terram,
885 3350 992 3412 lovem
1008 3347 1144 3422 oethera;
1162 3346 1240 3410 alios
1256 3365 1312 3409 au·

322 3465 382 3518 tem
410 3455 529 3526 dicere,
550 3447 728 3536 Apollinem
748 3471 817 3516 esse
843 3455 959 3517 aetltera
976 3462 1008 3516 et
1028 3453 1171 3516 Cererem
1195 3459 1310 3516 terram

322 3561 371 3623 vel
388 3579 492 3622 semen
509 3560 541 3620 in
557 3578 594 3622 ea
606 3559 788 3636 conditum;
805 3567 898 3640 atque
918 3559 1078 3641 pueriliter
1092 3556 1153 3620 dici
1172 3576 1209 3619 ac
1222 3559 1310 3641 pingi

322 3665 459 3746 fingique
482 3663 559 3726 deos
584 3664 683 3746 ligura
708 3666 842 3727 humana
861 3665 1022 3747 preditus,
1049 3663 1139 3726 sicuti
1159 3664 1254 3727 urbes
1280 3670 1312 3726 et

323 3771 432 3832 lluvios
458 3776 489 3832 et
511 3769 655 3849 regiones
679 3770 836 3852 animique
852 3769 1131 3850 perturbatiouee;
1157 3773 1309 3848 praeterea

322 3877 428 3937 lovem
450 3892 518 3936 esse
530 3891 633 3936 aerem
653 3881 743 3935 terrae
757 3873 991 3944 circumfusum,
1007 3891 1108 3934 aerem
1124 3891 1199 3935 vero
1223 3881 1310 3936 teue-

325 3982 451 4044 brosum
474 3977 648 4056 Plutonem,
674 3999 806 4062 eumque
827 3998 941 4054 aerem,
968 3978 1021 4058 qui
1039 3985 1204 4041 terramet
1224 3989 1309 4042 mare
1392 4053 1395 4064 q
