3324 5142
785 481 827 494 —
847 449 887 510 at
907 482 947 494 -
991 442 994 450 ’

376 578 492 640 Contra
510 575 663 640 afferunt:
681 576 735 657 qui
752 575 829 640 deos
847 577 924 640 tales
945 575 1132 649 existimant,
1148 578 1257 660 quales
1278 596 1364 642 uaeca

376 683 556 763 arrogantia
576 683 711 755 induxit,
726 682 825 745 libera
837 701 896 764 pro
911 683 975 746 suis
996 682 1129 764 quisque
1150 683 1270 750 viribus
1282 702 1362 766 per·-
1429 730 1431 736 .

375 795 501 871 petrant
512 787 671 852 maleficia.
685 789 766 850 Num
777 788 932 852 credimus
944 788 1022 862 iore,
1039 795 1074 849 ut
1088 790 1168 852 attris
1182 797 1263 852 metu
1279 791 1360 852 diffi-

375 896 489 958 cillima
498 915 631 979 quaeque
642 895 814 976 effugiant?
825 897 913 960 Esto.
924 896 993 958 Hoc
1003 897 1029 958 si
1037 897 1190 978 ejusmodi
1199 905 1258 972 est,
1273 898 1358 978 quod

373 1002 526 1082 pravitate
535 1001 658 1075 liberet,
667 1001 737 1082 jore
745 1001 814 1081 quis
825 1001 862 1062 iis
870 1001 1010 1083 objiciat,
1023 1001 1108 1082 quod
1120 1000 1254 1064 ferarum
1262 1003 1356 1066 vitam

373 1104 415 1168 ad
428 1105 566 1167 homines
581 1105 779 1180 transierant,
801 1106 973 1188 presertim
993 1106 1033 1179 si,
1059 1106 1144 1186 quod
1163 1107 1291 1188 quidem
1304 1107 1359 1169 di-

370 1209 741 1292 cunt,repreheusionem
753 1211 839 1292 vulgi
850 1230 913 1273 non
923 1218 1043 1273 curant.
1055 1210 1251 1293 despiciatur
1262 1213 1357 1293 igitur

369 1313 411 1376 ad
440 1333 493 1376 eos
518 1315 610 1378 etiam
640 1335 759 1388 omnes,
785 1334 918 1397 quornm
945 1315 1125 1395 disciptinas
1146 1315 1357 1396 exposuimus,

371 1429 443 1482 ante
458 1439 551 1502 quam
563 1423 604 1484 ad
615 1423 701 1505 ipsos
716 1439 957 1502 perveneramus
972 1441 979 1480 :
998 1440 1037 1484 ue
1052 1440 1133 1482 unns
1148 1421 1274 1502 quidem
1286 1423 1358 1484 abs·

369 1527 478 1590 tinebit
504 1527 544 1589 ab
561 1527 728 1609 injustitia,
756 1526 841 1608 quod
862 1533 978 1590 metuat
998 1526 1093 1600 istos,
1123 1527 1176 1606 qui
1201 1545 1303 1607 neque
1322 1547 1356 1590 se

367 1650 492 1696 movere
506 1632 639 1713 possint,
656 1639 709 1694 aut
722 1635 849 1695 omnino
861 1651 971 1696 sensus
985 1632 1049 1693 sint
1063 1639 1217 1712 expertes,
1237 1641 1291 1696 aut
1301 1635 1354 1715 qui

366 1737 415 1799 vel
439 1735 547 1817 quales
562 1735 607 1798 dii
637 1737 710 1809 sint,
738 1737 878 1816 ignotum
907 1753 975 1798 esse
995 1735 1114 1806 dicant,
1137 1742 1190 1814 aut
1211 1737 1278 1818 qui,
1300 1756 1354 1800 eos

368 1859 431 1903 non
455 1860 536 1916 esse,
553 1840 668 1904 diserte
687 1839 865 1914 ostendant,
885 1847 938 1902 aut
959 1840 1111 1920 aquibus
1133 1840 1207 1903 deos
1226 1841 1354 1904 omnino

368 1946 434 2009 tolli
455 1952 626 2028 appareat;
644 1945 813 2009 secundnm
825 1945 977 2026 quosdam
992 1963 1066 2008 vero
1078 1945 1119 2008 ad
1135 1945 1233 2026 ipsam
1249 1947 1353 2027 injus-

365 2051 463 2114 titiam
478 2053 668 2124 incitabitur,
690 2053 745 2133 qui
767 2053 847 2114 inter
862 2053 948 2132 ipsos
967 2051 1043 2114 deos
1063 2068 1126 2112 una
1145 2067 1214 2112 cum
1242 2050 1350 2133 impe-

366 2158 459 2220 randi
474 2158 621 2240 cupidine
635 2157 750 2220 betium
766 2157 963 2237 implacabile
980 2156 1132 2220 inducant
1147 2176 1155 2215 ι
1172 2159 1215 2218 ita
1234 2162 1280 2230 nt,
1293 2156 1352 2220 hae

367 2280 493 2343 quoqne
516 2272 605 2342 parte
634 2261 861 2343 dispositionis,
884 2278 977 2342 quum
996 2261 1085 2322 iuitio
1112 2261 1252 2342 exposui,
1276 2263 1352 2326 satis

368 2365 541 2442 elaborata,
564 2346 774 2450 opportunum
790 2367 832 2428 sit
854 2372 975 2448 tempus
989 2363 1075 2428 illum
1101 2364 1140 2426 de
1154 2367 1269 2447 pietate
1282 2386 1349 2430 ser·

370 2489 493 2534 monem
504 2471 676 2535 seeundum
689 2471 792 2554 ipsum
807 2472 976 2556 Epicurum
993 2470 1202 2546 adscribendi.
