3324 5142
725 429 882 487 ...13-

305 579 368 624 non
387 567 502 624 tantum
518 559 635 640 ingenti
647 558 740 624 laude
754 558 834 620 inter
847 555 924 620 alios
936 557 1113 630 eminuisse,
1130 557 1185 618 sed
1200 556 1291 618 etiam

307 665 403 746 polita
419 665 553 745 quadam
572 681 692 727 morum
709 661 874 743 elegantia,
898 680 960 744 qua
982 661 1162 742 adjuvante,
1185 663 1244 724 nisi
1259 663 1291 724 in

307 770 398 836 talem
413 769 572 833 incidisset
587 767 785 849 discipulum,
800 767 959 850 digniores
966 767 1174 849 philosophie
1187 775 1292 848 partes

308 877 595 962 lertesustinuisset
1388 954 1391 958 ¹

349 985 386 1048 Ut
402 983 610 1056 Philodemus,
628 983 670 1042 ita
683 981 760 1062 Syro
774 979 939 1062 plurimum
953 979 1103 1044 doctrine
1112 969 1294 1044 auctoritate

308 1087 443 1151 valebat.
458 1087 507 1150 hd
522 1105 579 1150 eos
605 1085 762 1168 praeeipue
784 1103 855 1166 quae
879 1086 955 1167 ipsis
976 1085 1056 1147 inter
1071 1085 1292 1168 disputandum

308 1193 535 1275 objiciebantur
549 1186 666 1254 referre
681 1190 822 1253 solebant
838 1191 983 1262 Romani,
999 1190 1115 1272 quippe
1130 1191 1184 1272 qui
1197 1191 1294 1253 multo

308 1295 482 1375 paratiores
511 1301 600 1356 erant
613 1297 631 1354 ¹.
660 1293 772 1356 Omnia
795 1294 977 1356 meminerat
999 1294 1127 1374 Epicuri
1149 1295 1295 1375 dogmata

308 1403 417 1486 Syro¹‚
434 1418 529 1482 quum
549 1400 684 1483 optimus
706 1400 765 1472 vir,
785 1406 851 1462 tum
866 1399 1064 1463 doctissimus
1079 1401 1180 1464 homo.
1205 1401 1294 1465 Cice-

308 1508 377 1570 roni
393 1506 473 1571 adeo
486 1504 642 1583 placebat,
662 1511 696 1566 ut
711 1521 781 1567 eum
801 1503 933 1566 amicum
955 1513 1092 1580 voearet,
1108 1514 1138 1570 et
1155 1525 1189 1570 se
1210 1508 1295 1588 apud

310 1628 380 1675 eum
396 1608 560 1692 praedicari
574 1609 664 1673 valde
676 1616 836 1690 exoptaret
848 1610 868 1672 ³.

351 1716 392 1778 lli
407 1714 531 1795 quidem
545 1716 650 1776 Romae
664 1713 830 1788 vivebant3
843 1723 873 1776 ct
889 1717 1015 1776 cumeis
1028 1733 1102 1778 sane
1118 1716 1295 1798 Statyellus,

311 1819 396 1882 Bruti
411 1819 558 1894 amicus⁴‚
572 1818 701 1882 Athenis
722 1827 823 1884 autem
839 1821 922 1880 Zeno
935 1819 1091 1896 Sidonius,
1105 1821 1253 1884 Phaedrus
1267 1831 1298 1886 et

311 1926 402 2000 Patro
426 1923 647 2004 magistrorum
670 1924 761 1986 Horti
777 1924 888 1986 seriem
910 1925 1167 1986 continuabant⁶.
1182 1929 1297 2008 Magno

312 2049 365 2108 eos
380 2029 485 2092 studio
500 2027 648 2092 audiebat
668 2029 827 2110 juventus,
845 2046 908 2091 non
923 2047 1052 2109 prorsus
1068 2037 1170 2094 tamen
1190 2034 1299 2113 gravi-

312 2132 368 2195 tati
391 2149 530 2194 romanae
554 2130 697 2214 placebat
726 2133 822 2196 Zeno.
847 2133 962 2212 Magna
985 2135 1112 2216 quidem
1136 2155 1224 2210 voce,
1246 2139 1299 2200 di-

313 2237 435 2312 sduote,
451 2237 599 2318 graviter,
611 2243 719 2300 ornate
730 2238 865 2314 dicebat,
880 2245 911 2300 et
921 2258 990 2302 eum
1005 2241 1011 2297 l
1027 2241 1089 2304 hilo
1101 2244 1299 2324 coryphaeum

313 2341 471 2426 appellare
486 2341 708 2421 Epicureorum
727 2327 848 2420 solebat
856 2343 876 2404 ⁶.
894 2343 954 2408 Sed
969 2346 1124 2412 acriculus
1139 2348 1191 2412 ille
1205 2368 1300 2412 senex

314 2454 404 2516 nimis
417 2455 565 2518 iracunde
585 2455 708 2536 agebat,
729 2454 949 2520 dissentientes
967 2457 1173 2541 philosophos
1189 2469 1299 2524 contu·

314 2559 411 2624 meliis
426 2567 457 2622 et
471 2561 596 2643 probris
609 2561 760 2624 amnibus
773 2560 923 2624 afficiens.

351 2664 609 2730 Stomaebabatur
628 2665 724 2738 etiam,
741 2665 890 2738 Phoedrus
915 2667 941 2730 si
960 2666 1037 2748 quid
1053 2669 1192 2751 asperius
1213 2671 1301 2738 dice-

314 2773 399 2832 retur
410 2770 433 2844 ⁷,
449 2768 531 2832 illius
545 2777 647 2834 tamen
661 2789 776 2852 magna
787 2771 871 2855 apud
881 2773 1038 2837 Romanos
1050 2774 1230 2836 auctoritas.
1242 2775 1302 2841 Hic

315 2875 448 2955 primum
463 2874 564 2940 Tullio
582 2874 789 2957 philosophie
805 2876 952 2957 magister
973 2877 1073 2940 luerat
1093 2886 1124 2940 et
1137 2887 1302 2962 antequam

316 2977 476 3052 Philonem
499 2979 665 3058 cognovit,
684 2979 729 3042 illi
754 2978 844 3042 valde
870 2979 1150 3064 ut'philosophus,
1175 2991 1300 3065 postea,

316 3101 411 3164 quum
428 3085 491 3163 jam
512 3100 574 3144 non
592 3085 660 3174 ejus
679 3084 853 3148 doctrinam
869 3084 1024 3162 laudaret,
1047 3096 1081 3152 ut
1096 3089 1258 3154 virbonus
1274 3101 1304 3154 et

352 3389 360 3425 ¹
375 3395 409 3440 De
423 3390 506 3440 Finib.
521 3409 547 3447 ιι,
564 3408 586 3440 c.
604 3396 646 3442 35.

350 3480 364 3515 2
380 3485 457 3532 head.
473 3498 501 3540 n,
515 3485 555 3532 33.

353 3570 364 3607 ³
381 3573 419 3623 hd
433 3573 511 3625 famil.
528 3587 563 3631 rr,
576 3589 615 3636 ep.
633 3579 672 3622 11.

353 3664 364 3701 ⁴
382 3665 513 3715 Plutarch.
527 3665 553 3715 in
566 3668 636 3714 Brut.

352 3755 364 3792 ⁵
382 3757 500 3809 Brucher.

355 3845 367 3882 ὓ
385 3849 486 3908 bellat.
501 3851 527 3901 Ι),
547 3863 569 3912 r,
583 3863 605 3898 c.
623 3851 663 3902 ut.

355 3937 365 3973 ⁷
383 3941 419 4006 lle
432 3941 487 3988 llat.
503 3941 529 3988 b.
547 3955 564 4006 r,
579 3955 602 3990 c.
618 3939 660 3990 ³3.
