3324 5142
733 469 892 534 ...gn-

322 596 520 678 Philosophia
534 613 604 676 num
625 606 804 678 susceperat
818 597 1023 678 patrocinium
1041 597 1220 678 voluptatis,
1244 601 1306 659 atsi

323 701 426 764 moitis
437 719 510 763 vera
526 700 695 773 videretur,
710 719 772 764 uon
789 701 914 782 placere
926 707 1028 764 umen
1043 707 1166 783 poterat
1181 703 1209 764 ei
1222 702 1303 773 uiro,

321 805 375 886 qui
393 811 502 868 auctor
512 803 630 886 publici
644 805 784 879 consilii,
808 813 840 868 et
862 805 1008 886 gerendae
1021 805 1154 868 civitatis
1167 805 1252 878 dux,
1272 813 1312 874 et¹
1425 837 1427 844 ·

322 911 483 974 sententie
507 918 601 990 atque
624 909 807 990 eloquentiae
826 910 974 991 princeps
1002 910 1034 970 iu
1058 909 1222 982 sauatu,iu
1241 928 1305 992 po-

322 1015 414 1098 puio,
434 1016 466 1078 in
487 1015 589 1078 causis
605 1013 739 1096 publicis
754 1033 821 1078 esse
839 1013 993 1079 volabat¹.
1014 1014 1092 1078 luda
1103 1015 1227 1078 odium:
1244 1015 1307 1077 illm

322 1122 405 1185 enim
428 1120 604 1202 discipliuae
632 1119 719 1182 nulla
743 1118 837 1182 officii
861 1128 1019 1200 praecepta
1044 1119 1144 1194 iirma,
1167 1120 1308 1193 stabilia„

323 1228 489 1308 conjuncta
504 1231 621 1288 nature
631 1224 755 1287 tradere
770 1224 943 1306 poteraut¹.
958 1224 1023 1288 litis
1039 1222 1115 1288 sane
1126 1224 1306 1305 reipublice

323 1329 514 1394 eversionem
535 1328 754 1404 adscribebat;
778 1327 1001 1409 indignabatur
1020 1337 1050 1390 τὸ
1072 1341 1106 1412 μὴ
1123 1337 1306 1393 πολιτεύεσθαι

323 1434 558 1517 Epicureorum,
568 1433 622 1515 qui
632 1432 707 1494 nibil
723 1451 853 1514 prorsus
868 1432 953 1496 aliud
968 1444 1113 1500 curantes
1131 1437 1189 1498 nisi
1200 1455 1305 1517 agros,

325 1538 385 1600 uisi
399 1538 538 1611 villulas,
559 1538 619 1600 nisi
642 1538 817 1600 nummulos
841 1558 931 1612 suos,
954 1543 1085 1620 petriam
1101 1541 1309 1614 deserebant,

324 1643 484 1724 digitoque
503 1663 536 1705 sc
550 1643 663 1710 omium
683 1643 836 1725 putabant
854 1645 1019 1725 attingere,
1031 1646 1059 1707 si
1076 1645 1162 1708 mulii
1183 1646 1307 1708 barbati

324 1755 439 1821 esseut,
456 1749 511 1829 qui
526 1748 566 1810 ad
582 1766 708 1810 manum
722 1748 935 1812 accedereut⁸.
955 1749 1093 1812 Moerens
1110 1749 1308 1812 recordaba-

324 1862 374 1916 tur
386 1851 505 1914 Tullius
524 1870 618 1934 quam
640 1852 722 1914 bella
746 1852 816 1934 ipso
832 1852 1026 1932 gubernante
1048 1851 1157 1915 civitas
1180 1852 1310 1924 fuissem

324 1976 420 2040 quum
442 1958 538 2038 igitur
554 1958 656 2020 Attico
678 1958 829 2020 scriberet
845 1977 852 2019 ε
870 1956 1011 2018 «Nullus
1027 1955 1118 2020 dolor
1139 1973 1188 2020 me
1201 1957 1308 2038 angit,

328 2063 468 2126 «domus
482 2081 530 2125 me
545 2071 576 2126 et
590 2081 664 2124 rura
677 2068 781 2124 nostra
794 2061 960 2129 delectant,
978 2059 1105 2124 fratrom
1116 2079 1218 2124 meum
1233 2068 1264 2124 et
1279 2069 1309 2124 te

326 2191 343 2229 (ι
361 2168 388 2228 si
403 2167 543 2242 habebo,
558 2185 616 2248 per
635 2185 684 2230 rue
702 2166 760 2228 ista
779 2165 913 2246 pedibus
936 2165 1159 2242 traheremur
1177 2186 1251 2231 cave
1270 2158 1311 2230 ne

246 2279 251 2290 '
325 2271 479 2335 existimes
500 2271 633 2334 Tullium
653 2270 805 2351 abjecisse
827 2287 933 2332 curum
959 2270 1153 2351 reipublicae.
1179 2273 1230 2335 Sic
1252 2272 1310 2334 tibi

325 2377 479 2458 persuade
500 2395 570 2439 eum
597 2376 665 2438 dies
691 2383 723 2438 et
749 2383 860 2438 noctes
880 2375 957 2438 uiuit
983 2375 1069 2439 aliud
1091 2393 1203 2456 agere,
1232 2377 1309 2439 nibil

206 2478 208 2482 ’
326 2501 448 2559 curere,
466 2483 527 2546 uisi
541 2489 576 2544 ut
589 2483 672 2545 cives
691 2481 769 2545 salvi
794 2481 947 2570 liberique
970 2480 1041 2543 sint.
1059 2479 1187 2543 Nuiium
1207 2481 1312 2544 locum

326 2589 533 2670 praetermittit
546 2587 712 2661 monendi,
728 2585 860 2667 agendi,
876 2584 1085 2667 providendi:
1101 2585 1161 2648 boc
1175 2584 1312 2666 denique

327 2695 431 2758 auimo
441 2703 499 2765 est,
511 2702 545 2756 ut
557 2693 583 2755 si
595 2694 627 2755 iu
639 2695 698 2756 bac
712 2711 787 2756 eura
802 2698 895 2772 atque
910 2691 1177 2754 administratione
1190 2690 1252 2752 vita
1265 2688 1312 2750 ilii

327 2799 473 2880 poueuda
484 2799 538 2864 sit.
553 2798 702 2880 praedare
716 2802 819 2860 aetum
835 2815 939 2860 secum
955 2804 1043 2877 putet
1053 2797 1079 2854 ⁵.

445 2981 485 3035 Mi
495 2985 539 3046 μὲν
554 2978 678 3030 ἆσπονδεῖ
688 3001 712 3040 γε
728 2980 767 3029 καὶ
778 2982 871 3038 ἀκλειῶς
887 2979 1029 3045 ἀπολοίμην,

843 3071 849 3087 ι

443 3057 504 3122 A‘iib
518 3072 577 3137 μέγα
589 3069 656 3137 ῥέξας
671 3091 694 3119 τι
710 3071 749 3119 καὶ
764 3072 909 3136 ι’σσομενοισι
926 3070 1053 3120 πυθέσθαι.

369 3237 445 3300 Haec
458 3239 565 3301 amicis
575 3237 694 3307 scribit,
706 3255 764 3300 uec
776 3236 829 3298 iiia
845 3236 951 3299 inania
967 3237 1063 3297 verba
1083 3235 1217 3298 :Occiso
1229 3235 1312 3296 euim

328 3343 362 3405 C.
379 3345 407 3404 J.
422 3343 544 3405 Caesare
558 3341 660 3404 animo
676 3341 768 3414 virid,
783 3341 914 3403 consiliu
927 3340 1051 3422 puerili,
1065 3342 1202 3423 privatas
1217 3341 1309 3402 iitte-

329 3467 379 3510 ras
392 3448 540 3511 concione
554 3447 680 3528 publica
695 3447 904 3519 confirmavit,
923 3448 967 3510 siu
984 3447 1152 3509 Antonium
1168 3445 1310 3527 compel-

364 3634 372 3666 ¹
389 3635 424 3680 De
437 3634 508 3681 Oret.
524 3647 562 3689 ιιι,
580 3635 618 3678 17.
645 3611 647 3614 Ι

364 3721 482 3772 ²D00if.
498 3737 514 3781 1,
533 3737 556 3772 c.
569 3725 594 3769 ἲ.
627 3753 630 3758 -

364 3810 375 3847 ³
389 3810 483 3862 Passim
496 3813 528 3862 ad
539 3815 590 3862 dtt.
606 3817 627 3872 t,
646 3815 690 3874 ¹93
705 3815 794 3866 Pered.
814 3831 837 3872 v,
852 3823 903 3864 ete.

365 3901 424 3953 ⁴Ad
437 3906 489 3954 Διί.
507 3920 541 3962 ιι,
555 3908 593 3953 16.

365 3995 376 4032 ⁶
394 3995 432 4046 td
445 3999 514 4046 Fam.
532 4012 568 4054 rr,
583 3997 625 4044 ii.
