3324 5142
756 402 912 462 „31-

340 538 486 610 permeet,
519 529 704 609 Neptunum.
732 529 858 602 Ceteros
888 530 978 590 etiam
1008 529 1096 604 deos,
1124 531 1214 616 sicuti
1243 533 1322 608 illos,

340 648 411 692 enm
432 629 526 710 rebus
548 627 724 704 inanimatis
746 629 861 710 jungit,
878 635 972 710 atque
987 629 1089 692 Solem
1110 631 1218 695 eodem
1234 633 1327 696 modo

346 739 524 814 Lunamque
541 741 729 814 ceterasque
756 733 861 811 stellas
888 732 964 796 deos
990 742 1093 814 putat,
1116 721 1326 816 atque'etiam

230 851 234 858 ’
344 845 455 924 Legem
470 865 478 914 ς
496 841 636 904 homiues
651 858 776 920 quoque
790 840 833 901 ait
849 840 880 900 in
895 839 971 904 deos
982 842 1118 904 mutari.

383 951 417 1026 ln
434 946 572 1010 secundo
590 951 691 1006 autem
708 943 804 1016 libro,
816 962 886 1025 quae
899 944 941 1006 ad
954 943 1111 1026 Orpheum
1128 953 1158 1008 et
1176 948 1327 1013 Musaeum

342 1053 531 1122 referuntur,
555 1067 689 1131 quaeque
709 1049 794 1130 apud
821 1050 1002 1121 Homerum,
1019 1049 1205 1120 Hesiodum,
1233 1051 1330 1112 Euri-

344 1161 447 1242 pidem
469 1159 608 1238 aliosque
629 1165 739 1239 poetas
755 1156 901 1237 leguntur
920 1157 1080 1220 Cleanthis
1103 1158 1264 1239 exemplo,
1289 1159 1330 1220 ad

345 1285 417 1329 sues
428 1263 593 1346 opiniones
608 1263 845 1326 accommodare
860 1261 976 1324 studet.
993 1263 1176 1327 Universum
1189 1263 1270 1326 enim
1285 1273 1332 1326 est

345 1369 451 1452 aether,
468 1369 584 1449 quippe
599 1367 699 1449 quiet
714 1368 884 1450 ipsepater
898 1374 958 1438 est,
975 1366 1120 1448 idemque
1135 1366 1216 1428 filius
1232 1367 1328 1428 lovis.

345 1479 464 1538 Rursus
484 1475 516 1536 in
532 1476 632 1556 primo
646 1474 739 1549 libro,
759 1473 836 1535 nihil
859 1471 1075 1554 repugnantiae
1100 1471 1228 1542 habere,
1244 1470 1330 1550 quod

346 1579 432 1642 Rhea
452 1583 550 1642 mater
572 1579 611 1640 sit
625 1578 722 1650 lovis,
742 1578 913 1658 eademque
927 1575 1013 1648 filia3
1034 1593 1148 1656 easque
1163 1576 1248 1657 ipsus
1264 1593 1332 1636 eas·

346 1683 417 1746 dem
430 1683 518 1764 fingit
533 1683 583 1755 iis,
597 1682 784 1763 quibuscum
794 1688 909 1764 junctae
924 1686 1006 1744 sunt.
1029 1681 1132 1760 Atque
1150 1680 1182 1742 iu
1198 1680 1279 1745 libre
1292 1681 1332 1742 de

347 1789 526 1862 virtutibus,
547 1787 717 1850 secundum
734 1787 816 1850 hanc
838 1786 987 1866 loquendi
1002 1805 1155 1860 normam,
1180 1787 1223 1850 ait
1249 1787 1333 1850 Gra-

347 1894 406 1958 tias
427 1911 495 1956 esse
519 1898 642 1955 nostras
661 1892 812 1973 primitias
827 1898 858 1954 et
879 1890 1334 1976 remunerationesbeneticlo-

348 2018 431 2061 rum.
446 1998 564 2062 Similia
580 1998 672 2060 etiam
685 1997 716 2058 in
738 1995 827 2087 libris
847 1996 886 2058 de
901 1995 1020 2058 Natura
1044 1995 1194 2075 prodidit,
1213 1996 1334 2060 fabulas

348 2104 507 2186 explicans
523 2121 637 2183 casque
652 2101 804 2164 Heracliti
822 2101 914 2166 cinno
926 2098 1053 2182 (κυκεῶνι)
1071 2101 1310 2163 accommodans
1324 2122 1332 2173 ;

349 2210 381 2270 in
402 2209 502 2290 primo
519 2207 664 2288 quidem,
680 2207 807 2268 Noctem
830 2205 920 2268 deam
944 2207 1080 2268 omnium
1107 2205 1237 2286 primam
1268 2225 1335 2268 esse

349 2313 444 2394 dicit3
461 2313 492 2392 in
510 2313 601 2374 tertio
618 2319 741 2383 autern,
758 2311 907 2372 mundum
923 2329 992 2374 esse
1012 2307 1132 2374 ratione
1149 2311 1333 2392 praeditum‚

349 2419 565 2500 civitatemque
595 2418 655 2482 diis
676 2426 706 2480 et
731 2417 907 2492 bominibus
935 2435 1141 2490 communem,
1166 2419 1335 2498 lovemque

349 2524 480 2604 eundem
497 2542 565 2586 esse
579 2530 672 2604 atquc
686 2521 814 2596 bellurn,
830 2521 921 2584 sicuti
936 2521 1026 2584 etiam
1039 2523 1214 2586 Heraclitus
1229 2523 1332 2590 dicata

348 2630 380 2692 in
396 2629 505 2710 quinto
525 2635 626 2706 autem
650 2646 758 2689 omnes
783 2627 1020 2708 comprehendit
1046 2629 1195 2700 rationes,
1222 2627 1336 2707 quibus

350 2736 540 2812 demonstret
555 2733 704 2794 muudum
720 2751 787 2794 esse
812 2731 926 2794 animal
941 2730 1037 2811 idque
1052 2732 1173 2794 ratione
1188 2739 1219 2794 et
1234 2739 1336 2796 mente

351 2839 514 2922 praeditum
530 2846 623 2920 atque
651 2837 750 2900 deum.
773 2839 807 2900 ln
834 2837 923 2900 libris
949 2837 988 2902 de
1003 2838 1201 2901 Providentia
1228 2859 1336 2902 rursus

350 2943 479 3024 exponit
489 2943 614 3006 easdem
627 2960 696 3005 eum
709 2942 812 3005 animo
824 2943 966 3006 Universi
975 2945 1224 3025 coniunctiones,
1235 2943 1336 3026 iisque

352 3048 566 3112 accommodat
595 3049 724 3112 deorum
761 3048 898 3123 nomina,
927 3046 1048 3129 'ubique
1085 3050 1254 3130 sagacitate
1280 3067 1336 3113 sua

352 3155 494 3217 abutens.
577 3199 580 3230 ἱ

393 3259 548 3340 Diogenes
569 3257 761 3339 Babylonius
788 3259 820 3320 in
846 3259 928 3324 libro
956 3259 997 3325 ‹le
1025 3257 1165 3323 Minerva
1190 3260 1337 3324 mundum

352 3365 463 3428 scribit
484 3357 616 3426 eundem
643 3382 710 3426 esse
736 3369 830 3445 atque
851 3367 973 3454 lovem,
997 3380 1129 3445 eumque
1152 3366 1338 3430 contineris

352 3473 441 3544 Jove,
461 3471 552 3534 sicuti
567 3469 721 3532 nominem
743 3471 784 3544 ab
799 3471 1035 3554 animo,‚Sulem
1052 3472 1092 3533 ab
1107 3471 1262 3552 Apolline,
1280 3473 1340 3534 Lu·

355 3577 711 3653 namaDiana310vem
732 3583 898 3658 penetrare
913 3576 990 3640 deos
1007 3575 1125 3639 alienos
1147 3577 1270 3656 nequis
1286 3575 1341 3638 di-

354 3686 417 3752 cat,
441 3698 481 3742 ne
496 3680 562 3742 fieri
583 3679 708 3760 quidem
724 3699 829 3762 posse,
844 3689 877 3744 ut
890 3682 975 3746 lovis
999 3699 1072 3762 pars
1096 3699 1152 3763 per
1171 3699 1256 3744 mare
1270 3681 1340 3742 dis-

356 3786 471 3848 tributa
488 3787 527 3848 sit
538 3787 713 3870 Neptunus,
734 3805 790 3868 per
805 3795 920 3853 terranr
934 3787 1038 3860 Ceres,
1059 3805 1116 3869 per
1129 3805 1232 3850 aerem
1243 3787 1338 3860 luno,

342 3889 388 3988 ¹id
400 3889 485 3972 quod
500 3893 591 3954 etiarn
606 3895 689 3956 Zeno
706 3893 803 3956 dieat.
814 3892 909 3956 Sicuti
923 3911 998 3955 vero
1009 3909 1094 3972 saepe
1109 3909 1166 3954 uer
1180 3902 1341 3972 nuncupe-
