3324 5142
782 459 943 519 ..st-

368 585 471 645 suavls
484 591 519 644 et
534 582 690 646 officiosus
712 585 903 664 probabatur
917 588 939 648 ¹.
962 585 1124 650 Phaedrum
1149 595 1179 650 et
1198 591 1352 653 Zenonem

368 687 547 769 frequenter
563 689 681 751 audivit
695 707 765 752 cum
782 692 883 776 Attico
899 712 966 765 suo,
981 692 1172 774 quiquidem
1188 701 1353 776 utrumque

367 793 593 866 admirabatur,
609 793 771 857 Phaedrum
790 805 892 858 autem
912 797 1003 859 etiarn
1018 798 1141 860 amabat
1157 806 1188 860 et
1202 799 1292 862 unice
1306 800 1353 862 di-

366 897 524 978 ligebat²;
551 898 610 960 hoc
635 900 717 961 enim
740 900 817 962 nihil
843 901 1028 982 elegantius,
1051 901 1128 963 nihil
1152 903 1351 966 humanius³.

367 1003 466 1066 Marci
486 1001 610 1066 Pisonis
634 1003 830 1085 peripatetici
849 1006 966 1068 amicus
981 1005 1071 1080 fuit⁶,
1089 1014 1120 1070 et
1134 1013 1194 1070 tarn
1216 1009 1351 1072 nobilem

366 1108 413 1168 sui
427 1108 553 1188 reliquit
571 1107 750 1170 memoriam
761 1116 807 1183 ut,
822 1117 950 1190 propter
962 1111 1072 1172 merita
1083 1111 1351 1192 patris-laudatus

366 1212 458 1274 fuerit
471 1213 552 1275 lilius
568 1213 716 1294 Lysiades
727 1215 752 1275 ⁵.

406 1319 567 1381 Patronem
585 1321 601 1379 a
624 1318 754 1381 Phaedro
774 1318 942 1394 traditum,
961 1319 1270 1402 commendatumque
1288 1320 1349 1382 ha-

366 1424 575 1501 buitTullius.
591 1426 657 1488 Sibi
678 1443 747 1487 cum
763 1424 824 1487 hoc
838 1424 950 1488 Graeco
968 1427 1072 1488 omnia
1088 1427 1262 1490 communia
1281 1445 1350 1489 esse

364 1528 486 1602 scribit,
507 1528 566 1590 uisi
582 1527 668 1610 quod
691 1529 723 1590 in
743 1528 940 1611 philosophia
960 1531 1157 1594 vehementer
1175 1531 1216 1592 ab
1231 1548 1268 1593 eo
1282 1531 1348 1593 dis-

363 1634 487 1696 sentiat.
505 1637 685 1714 Rursusque
708 1635 802 1697 Patro
819 1635 925 1695 Romae
943 1633 1078 1695 Tullium
1093 1632 1216 1696 colebat
1234 1635 1266 1696 iu
1281 1635 1347 1715 pri-

362 1741 431 1815 mis,
459 1747 489 1802 et
507 1759 576 1801 eum
596 1739 732 1801 habebat
756 1757 882 1801 suorum
908 1737 1105 1800 defensorum
1127 1747 1158 1799 et
1180 1739 1348 1802 amicorum

361 1843 426 1905 lere
440 1843 622 1923 principem.
638 1844 707 1906 Hac
721 1863 754 1906 se
768 1845 895 1924 dignum
911 1843 1059 1926 opinione
1073 1843 1205 1924 praebuit
1220 1843 1348 1916 Orator,

361 1967 456 2030 quum
466 1949 655 2031 Philosopho
667 1950 845 2013 Memmium
857 1948 982 2031 placare
997 1957 1127 2011 conatus
1140 1957 1197 2022 est,
1215 1955 1246 2010 et
1257 1948 1297 2011 ah
1309 1967 1347 2012 eo

361 2057 577 2136 impetrarent
597 2057 724 2118 Patroni
746 2057 851 2119 nescio
877 2055 953 2137 quid
978 2056 1105 2137 Epicuri
1124 2055 1347 2137 parietinarum

361 2161 563 2235 concederet;
580 2178 650 2240 quae
663 2179 715 2222 res
727 2161 837 2224 Graeco
850 2161 894 2222 ita
910 2160 999 2223 cordi
1016 2171 1095 2235 erat,
1112 2169 1146 2223 ut
1165 2161 1197 2222 in
1219 2160 1277 2224 hac
1290 2179 1346 2242 pe-

361 2267 466 2338 tenda,
492 2267 653 2342 bonorem,
678 2265 829 2341 officium,
857 2272 1109 2328 testamentorum
1130 2268 1192 2347 jus,
1220 2267 1347 2348 Epicuri

360 2369 585 2444 auctoritatem,
602 2367 724 2430 Phaedri
740 2367 988 2442 obtestationem,
1007 2367 1123 2444 sedem,
1141 2368 1342 2444 domicilium,

360 2473 490 2554 vestigia
505 2491 694 2536 summorum
709 2473 881 2548 homiuum,
900 2473 961 2535 sibi
976 2473 1056 2534 tucri
1071 2473 1229 2535 videretur
1239 2475 1260 2535 ⁶.

399 2580 500 2655 Quum
516 2579 659 2643 docendo
675 2587 738 2640 tum
761 2578 930 2640 scribendo
949 2577 1078 2659 Epicuri
1098 2577 1248 2639 rationem
1268 2596 1343 2658 pro-

359 2686 518 2766 pagabant
532 2684 577 2746 illi
592 2683 686 2765 graeci
698 2682 889 2765 philosophi.
912 2682 1039 2744 Librum
1054 2681 1180 2764 scripsit
1195 2681 1344 2744 Phaedrus

360 2800 423 2875 Περὶ
449 2799 548 2870 φύσεως
568 2797 648 2850 θεῶν.
669 2789 761 2850 Hunc
785 2787 922 2850 hahebat
946 2789 1086 2862 Atticus,
1109 2787 1192 2850 hunc
1213 2788 1345 2871 perlegit

358 2895 466 2959 Cicero
481 2901 522 2969 et,
536 2901 662 2956 auctore
675 2893 720 2954 De
737 2893 835 2966 Murr,
853 2891 950 2954 multa
965 2911 1003 2954 ex
1015 2911 1053 2955 eo
1069 2893 1101 2954 iu
1116 2911 1205 2954 suum
1221 2894 1266 2957 Dc
1278 2893 1344 2958 No·

361 3011 432 3066 turc
440 3001 571 3063 Deorum
585 3017 664 3081 opus
678 2997 867 3061 transtulit⁷.
883 2999 927 3060 De
941 3017 1003 3080 qua
1013 3017 1048 3061 re
1062 3017 1153 3062 nemo
1167 2997 1340 3072 dubitabit,

359 3105 490 3169 simodo
505 3105 572 3166 haec
581 3121 691 3166 manca
705 3112 735 3164 et
749 3111 822 3166 nota
837 3123 960 3185 parum,
977 3121 1046 3185 quae
1061 3124 1160 3186 nuper
1173 3104 1342 3167 Herculani

392 3314 400 3347 ¹
419 3313 457 3362 ad
473 3317 543 3362 Fam.
556 3330 614 3367 xrn,
633 3319 653 3362 l.

389 3406 455 3456 ‘the
469 3407 525 3454 rin.
539 3423 560 3464 r,
576 3422 599 3454 c.
615 3412 678 3466 5,et
692 3422 714 3464 v,
729 3421 754 3454 c.
770 3409 793 3453 l.

390 3498 401 3535 ³
417 3503 452 3549 De
465 3502 520 3549 Nat.
538 3503 566 3549 n.
584 3515 603 3560 r,
617 3503 658 3549 33.

388 3590 400 3627 ⁴
417 3595 451 3641 lle
462 3592 518 3640 nin.
532 3607 557 3651 v,
574 3596 595 3640 l.

391 3683 403 3720 ⁵
420 3681 509 3746 Philip.
523 3697 547 3742 r,
560 3697 584 3731 c.
599 3687 622 3729 5.

390 3775 458 3825 Md
472 3778 541 3826 Fam.
558 3789 616 3834 xur,
630 3789 670 3836 ep.
692 3779 715 3823 l.

389 3869 401 3904 l
420 3872 451 3918 llr
465 3883 517 3919 war
530 3867 572 3917 ein
586 3868 690 3918 Freuud
710 3868 755 3918 des
768 3867 870 3928 cicero,
888 3867 998 3918 welches
1008 3866 1086 3917 nieles
1098 3867 1193 3918 durans
1205 3867 1232 3918 iu
1250 3870 1338 3920 sciren

358 3965 474 4014 anchora
487 3961 527 4012 Dc
538 3962 640 4014 Natura
654 3961 762 4012 Deorum
777 3959 927 4013 tthersetrte.
940 3985 971 3997 -
986 3962 1033 4022 Ap.
1046 3958 1140 4011 Christ.
1151 3963 1278 4012 Petersen.
