3324 5142
743 483 901 544 ..11-

327 619 493 694 pertaesum
506 617 564 685 ost,
581 613 624 674 ait
639 611 769 686 Tullius,
786 613 928 687 leuitatis,
948 615 1177 688 assentationis,
1194 617 1312 680 animo

326 738 395 782 rum
413 718 609 792 nou-officiis,
629 719 684 780 sed
706 721 898 801 temporibus
914 721 1144 784 servientium¹.
1163 723 1263 786 Velim
1279 730 1313 784 ut

325 827 515 898 tibiamicus
534 825 576 886 sit
587 825 767 906 Dionysius,
781 825 890 886 scribit
903 823 984 888 idem
1003 825 1115 898 Attico,
1135 827 1195 889 hoc
1217 846 1312 908 quum

326 931 381 994 tibi
398 938 491 1012 opto,
506 938 581 1012 opto
596 938 630 992 ut
644 931 752 1008 beatus
768 931 827 1001 sis;
847 931 905 1000 erit
921 931 1002 994 enim
1021 933 1137 994 tamdiu
1145 941 1165 993 2.
1187 935 1223 994 lu
1241 951 1313 1014 pro-

324 1039 425 1118 specis
438 1037 532 1100 rebus
548 1035 623 1096 nihii
636 1037 805 1116 jucundius
824 1037 973 1100 Graeculis
983 1038 1063 1114 istis,
1078 1039 1119 1100 nit
1136 1039 1221 1120 quod
1235 1040 1310 1104 faci-

324 1143 385 1206 lius
397 1143 517 1206 domini
528 1142 569 1204 ad
584 1142 741 1222 exemplar
753 1143 896 1222 fingatur.

364 1247 523 1310 Hactenus
540 1247 580 1310 de
594 1247 710 1310 Graecis
725 1249 870 1312 omnibus
891 1250 945 1330 qui
966 1253 1074 1314 Romae
1090 1253 1309 1324 versabantur,

324 1371 408 1419 nuuc
419 1353 620 1432 querendum
637 1361 684 1414 est
698 1356 825 1434 quinam
842 1356 995 1418 notissimi
1015 1364 1088 1419 tunc
1110 1360 1257 1440 temporis
1274 1378 1310 1422 ex

323 1457 441 1520 Grsceis
464 1457 592 1536 Epicuri
619 1458 781 1540 discipulis
801 1459 923 1524 fuerint.
944 1461 1225 1538 Primusoceurrit
1240 1463 1310 1525 Phi-

322 1559 464 1624 iodemus
490 1562 690 1636 Gadaraeus³‚
716 1565 835 1646 dequo
854 1565 901 1628 sic
915 1564 1054 1646 loquitur
1069 1566 1178 1630 Cicero
1198 1567 1229 1628 in
1241 1585 1310 1630 ora-

357 1741 365 1776 ¹
383 1743 419 1791 tu
433 1741 521 1802 Quint.
535 1747 593 1795 irat.
610 1761 627 1804 r,
644 1761 683 1807 ep.
700 1750 725 1794 Ξ.

354 1831 367 1868 ²
386 1833 440 1886 Lib.
456 1851 482 1896 x,
499 1851 540 1896 cp.
558 1838 598 1884 to.

354 1921 366 1960 ³
379 1925 506 1986 strabon,
519 1925 538 1974 l.
555 1939 607 1974 xm.

354 2014 494 2065 Philodemi
517 2020 549 2065 de
566 2015 657 2076 patria,
675 2025 756 2076 aetate,
771 2015 907 2078 disciplina
925 2017 1076 2085 scriptisque
1092 2020 1147 2068 tuse
1161 2029 1187 2069 et
1206 2021 1307 2070 erudite

320 2104 461 2168 disputarit
484 2110 542 2166 Gar.
557 2107 683 2170 Rosinius,
699 2109 795 2170 praesat.
811 2107 843 2158 ad
863 2107 930 2160 Libr.
945 2109 979 2159 de
993 2113 1100 2168 musica.
1114 2129 1135 2172 p.
1151 2115 1248 2174 tsqu.;
1264 2113 1307 2160 ubi

320 2206 411 2259 praetcr
425 2199 577 2262 Epicureum
590 2209 771 2275 commemorat
784 2201 957 2254 Philodemum
971 2201 1163 2266 Pythagoreum,
1179 2202 1265 2252 Locris
1280 2201 1305 2250 in

319 2305 410 2352 magun
422 2291 518 2342 Graecis
536 2302 640 2352 uatum3
655 2291 758 2342 tertium
771 2294 873 2358 Opunte
887 2294 912 2341 iu
926 2308 1049 2354 germana
1060 2293 1174 2354 Graecia3
1187 2305 1304 2352 quartum

317 2386 457 2446 Lampsaco
474 2383 622 2442 oriundum.
636 2364 705 2433 ln'ter
722 2383 891 2446 recentiores,
906 2383 987 2432 nostri
1004 2384 1177 2433 meminerunt
1190 2385 1305 2436 Turneb.

316 2478 423 2525 Advets.
436 2492 495 2535 xxi,
510 2479 555 2536 ¹53
572 2479 671 2538 Menag.
686 2477 710 2524 in
728 2475 799 2538 biog.
814 2479 898 2526 Laert.
910 2493 935 2536 ι,
953 2483 978 2533 3,
994 2493 1019 2539 p.
1033 2480 1096 2538 9593
1112 2476 1221 2536 tuosius,
1239 2478 1302 2528 flist.

316 2563 461 2633 philosoph.
485 2584 520 2624 ιι,
541 2572 584 2630 18;
611 2567 694 2616 fleisk.
722 2567 817 2616 Notitia
842 2577 973 2630 poetarum
993 2568 1223 2631 anthologicorum,
1249 2585 1304 2631 quae

316 2665 402 2706 exstat
411 2655 438 2706 in
451 2657 519 2707 edita
532 2660 564 2706 ub
577 2674 608 2708 eo
620 2659 770 2721 Anthotngia
785 2659 915 2725 Cepbaiae,·
930 2661 997 2709 Sam.
1010 2660 1209 2720 retit.0bs.1,9
1221 2679 1227 2718 ;
1239 2663 1302 2710 buu.

212 2809 216 2817 Ι
316 2746 454 2806 Heinsius,
466 2751 501 2798 De
518 2747 598 2797 satira
612 2749 764 2809 Horatiorum
783 2749 883 2800 Fabric.
903 2750 957 2800 Bib.
980 2767 1018 2812 gr.
1037 2769 1082 2829 tn,¹
1095 2768 1119 2814 p.
1141 2755 1198 2809 609.
1217 2753 1277 2802 Harl
1295 2770 1302 2812 ;

316 2839 437 2889 Chardon
453 2839 485 2888 de
499 2840 669 2900 la·itocbette,
686 2842 822 2904 uelanges,
839 2854 857 2894 t.
873 2861 891 2906 ι,
907 2860 930 2906 p.
950 2847 1005 2904 tuo,
1018 2857 1067 2895 eto.

581 2931 643 2981 vide
656 2935 719 2982 Gros
730 2933 869 2982 Philodemi
886 2935 1029 2992 Rhetorica,
1048 2953 1071 2995 p.
1086 2952 1137 2986 exn
1153 2953 1210 3007 sqq.

347 3071 447 3122 Nemini
467 3088 528 3122 sanc
548 3071 621 3122 taedio
642 3074 706 3134 erit,
725 3077 790 3136 quod
816 3077 863 3124 hoc
886 3075 1056 3137 inscripserim
1081 3076 1217 3126 Philodemi
1246 3079 1301 3140 epi-

273 3174 274 3182 *
314 3179 436 3225 gramma.
451 3167 488 3214 De
501 3164 545 3213 iilo
559 3165 627 3214 inter
642 3167 730 3216 doctos
743 3167 849 3216 multum
862 3167 1018 3229 disputatum
1032 3179 1078 3226 est,
1093 3168 1161 3229 quod
1175 3169 1212 3218 sic
1228 3170 1300 3220 resti-

314 3254 363 3303 tuit
378 3255 496 3306 Chardou
509 3257 540 3304 de
552 3257 576 3306 la
593 3259 722 3316 itocbette,
741 3273 758 3308 t.
777 3276 795 3320 ι,
810 3277 833 3320 p.
848 3263 905 3318 220,
922 3259 970 3309 ioe.
985 3260 1027 3308 cit.

413 3373 484 3422 Ξανθ’
498 3369 516 3421 ὦ
529 3373 699 3438 sapuerimus«,
711 3377 840 3442 μυρόχροε,
850 3378 1040 3442 μουσοπρόσωπε
1053 3417 1058 3439 ,

445 3461 550 3522 Eiteia,
564 3463 710 3530 διπτερῦγων
725 3467 793 3516 satha
807 3468 899 3532 ἄγαλμα
912 3467 1001 3526 πόθων,
1061 3491 1062 3500 ’

415 3556 486 3602 Ψιλοῦ
499 3577 538 3619 μοι
552 3557 621 3622 χερσὶ
634 3556 756 3622 ὃροσιναῖς
769 3557 850 3625 μύρον·
866 3561 888 3607 t'u
903 3563 1027 3628 μονοκλίνῳ

445 3651 521 3710 Δεῖμε
535 3645 667 3710 λιθοὸμήτῳ
683 3646 713 3700 δή
728 3670 785 3697 ποτε
800 3647 915 3716 πετριδίω

943 3726 948 3740 .

410 3734 492 3784 Ebirno
506 3737 629 3794 ἆθανάτως
642 3737 730 3786 πουλὺν
749 3738 845 3804 χρόνον·
861 3735 902 3802 ᾆδε
917 3743 989 3790 πάλιν
1002 3765 1052 3807 μοι,

443 3827 583 3894 Ξανθάριοι,
600 3829 647 3890 ναὶ,
661 3831 707 3890 ναὶ,
725 3833 752 3879 rb
767 3831 835 3890 γλυκὺ
851 3839 922 3881 τοῦτο
936 3833 1012 3898 με’λος.

410 3918 458 3966 Οὐκ
474 3919 532 3978 ἀΐεις
546 3906 671 3987 ὄννθρωῷ
689 3921 874 3986 ὁτοκοηλῦφοῃ
892 3923 914 3971 ἕν
929 3925 1054 3988 pausabitur

444 4017 486 4058 Δεῖ
499 4032 522 4060 ut
540 4013 607 4076 βιοῦν
623 4015 676 4072 oriri,
694 4013 803 4079 δύσμορε,
821 4014 946 4081 cesentio.
